2459 4075
231 199 281 238 s.
312 201 367 239 c.
400 187 497 243 69.
732 183 1058 270 ffls’ron.
1110 183 1263 244 ΜΒ.
1310 181 1689 245 TERTwS.
2049 190 2155 247 141

239 326 396 387 bello
442 330 676 405 Sabino,
728 334 1081 412 jeceratque
1133 330 1519 404 fiandamenta‚
1576 350 1685 409 spe
1731 330 1909 406 magis
1955 328 2163 392 suturae

246 412 658 487 magnitudinis,
688 434 857 493 quam
884 434 999 494 quo
1026 412 1274 473 modicas
1304 413 1491 473 adhuc
1536 411 1742 491 Populi
1788 409 2031 469 Romani
2069 429 2166 472 res

238 488 599 555 sufficerent:
644 514 781 554 mox
811 496 1048 555 Servius
1078 494 1343 565 Tullius,
1365 496 1657 553 sociorum
1677 490 1866 552 studio
1890 511 1906 558 ς
1950 490 2163 551 deiude

244 566 592 654 Tarquinius
622 576 943 654 Superbus,
971 583 1142 653 capta
1166 576 1382 635 Suessa
1412 573 1717 643 Pomoetia,
1746 570 2000 630 hostium
2029 590 2162 650 spo·

105 655 126 664 ²
235 648 326 710 liis
346 663 717 715 exstruxere.
804 657 921 716 Sed
945 657 1131 733 gloria
1151 656 1351 733 operis
1379 655 1634 715 libertati
1657 659 1993 714 reservata:
2039 652 2201 731 pul-'2

235 725 313 790 sis
342 733 623 813 Regibus,
641 735 916 796 Horatius
956 736 1260 807 Pulvillus,
1311 736 1523 797 iterum
1572 734 1817 805 Consul,
1853 732 2167 805 dedicavit,

236 831 305 872 ea
330 816 774 892 magnificentia,
805 836 974 895 quam
1001 815 1278 875 inmensae
1306 825 1511 893 postea
1531 816 1738 898 Populi
1764 814 2008 874 Romani
2023 832 2168 891 opes

236 904 513 956 ornarent
550 899 765 976 potius,
809 917 980 975 quam
1025 903 1323 972 augerent.
1407 897 1621 956 lisdem
1664 914 1866 956 rursus
1907 894 2171 972 vestigiis

238 974 408 1034 situm
474 986 584 1045 est,
634 986 960 1056 postquam,
1005 976 1319 1056 interjecto
1367 995 1656 1035 ccccxxv.
1700 994 1983 1036 annorum
2036 993 2063 1033 s
2109 991 2167 1033 a·

233 1054 338 1131 tio,
373 1056 443 1115 L.
477 1058 774 1135 Scipione,
821 1058 896 1116 C.
929 1057 1210 1115 Norbano
1238 1055 1568 1115 consulibus
1595 1056 1960 1132 flagraverat.
2102 1075 2165 1115 u·

236 1152 359 1193 ram
387 1137 582 1194 victor
623 1137 783 1196 Sulla
807 1136 1088 1213 suscepit,
1127 1152 1324 1212 neque
1351 1142 1543 1193 tamen
1569 1135 1891 1196 dedicavit:
1936 1136 2050 1195 hoc
2072 1153 2169 1195 so-

233 1213 354 1272 lum
402 1212 665 1275 felicitati
707 1217 831 1293 ejus
884 1222 1175 1292 negatum.
1258 1214 1472 1273 Lutatii
1519 1213 1710 1273 Catuli
1751 1233 1986 1284 nomen,
2015 1217 2168 1274 inter

235 1301 388 1353 tanta
421 1294 718 1357 Caesarum
747 1315 932 1376 opera
966 1315 1154 1374 usque
1182 1293 1254 1354 ad
1276 1294 1582 1354 Vitellium
1613 1294 1839 1355 mansit.
1924 1292 2011 1353 Ea
2033 1302 2167 1354 tunc

231 1373 388 1435 aedes
411 1377 796 1436 cremabatur.
911 1435 916 1442 ,
1336 1405 1341 1408 ·
1416 1397 1421 1402 ·

312 1453 590 1514 LXXIII.
638 1457 753 1516 Sed
798 1456 932 1535 plus
972 1454 1210 1533 pavoris
1239 1455 1516 1528 obsessis,
1546 1474 1718 1535 quam
1761 1455 2167 1517 obsessoribus

232 1535 442 1595 intulit.
530 1536 762 1614 Quippe
783 1535 1144 1620 Vitellianus
1171 1536 1364 1608 miles,
1406 1556 1599 1615 neque
1623 1543 1773 1609 astu,
1796 1556 1992 1617 neque
2027 1556 2164 1597 con·

231 1615 455 1686 stantia,
479 1616 635 1677 inter
658 1618 833 1676 dubia
866 1616 1178 1693 indigebat.
1264 1616 1357 1675 Ex
1383 1617 1621 1677 diverso
1668 1618 1886 1696 trepidi
1926 1618 2162 1690 militeS,

232 1694 348 1754 dux
378 1696 569 1774 segnis
618 1706 679 1757 et
708 1696 892 1758 veluti
920 1704 1122 1775 captus
1151 1696 1347 1768 animi,
1391 1717 1507 1764 non
1532 1699 1745 1775 lingua,
1775 1718 1893 1758 non
1936 1700 2165 1759 auribus

227 1784 609 1856 competere:
654 1797 847 1856 neque
891 1777 1095 1835 alienis
1131 1777 1390 1836 consiliis
1412 1779 1560 1855 regi,
1603 1797 1798 1856 neque
1846 1798 1952 1838 sua
1979 1798 2163 1857 expe-

162 1926 169 1930 ,
225 1855 395 1917 dire:
441 1859 557 1918 huc
583 1858 734 1917 illuc
762 1858 1111 1917 clamoribus
1137 1857 1393 1916 hostium
1419 1853 1733 1935 circumagi
1758 1880 1772 1917 z
1819 1877 1948 1937 quae
1968 1858 2162 1937 juste*

227 1944 339 2008 rat,
366 1944 597 2009 vetare,
625 1958 757 2015 quae
785 1946 1074 2010 vetuerat,
1103 1937 1342 2013 jubere.
1426 1937 1597 2008 Mox,
1638 1939 1793 2016 quod
1827 1939 1886 1999 in
1916 1939 2163 2017 perditis

223 2018 403 2078 rebus
432 2017 660 2088 accidit,
690 2019 891 2076 omnes
918 2016 1278 2093 praecipere,
1306 2036 1478 2076 nemo
1507 2018 1752 2098 exsequi
1776 2042 1791 2078 ε
1835 2027 2160 2097 postremo,

220 2099 466 2176 abjectis
503 2097 699 2167 armis,
742 2096 935 2172 fugam
977 2103 1039 2153 et
1078 2095 1313 2153 fallendi
1364 2103 1518 2155 artes
1567 2097 1821 2157 circums
1867 2100 2155 2158 ectabant.

226 2178 574 2256 Inrumpunt
600 2175 904 2236 Vitelliani
922 2182 983 2233 et
1001 2180 1217 2232 cuncta
1243 2177 1540 2250 sanguine,
1586 2175 1773 2251 ferro,
1844 2178 2163 2255 ammisque

222 2260 492 2321 miscent.
579 2255 753 2314 Pauci
774 2254 1104 2314 militarium
1133 2254 1417 2324 virorum,
1439 2253 1595 2314 inter
1623 2273 1767 2333 quos
1784 2257 2033 2325 maxime
2074 2260 2161 2318 in·

223 2340 441 2415 signes,
483 2335 798 2395 Cornelius
842 2333 1146 2404 Martialis,
1188 2333 1463 2394 AEmilius
1493 2334 1791 2406 Pacensis,
1841 2335 2160 2415 Casperius

218 2418 434 2495 Niger,
485 2417 688 2476 Didius
716 2416 945 2487 Scaeva,
970 2434 1222 2492 pugnam
1265 2414 1411 2486 ausi,
1440 2417 1878 2477 obtruncantur.
1963 2417 2158 2479 Flavi-

128 2556 142 2567 ,
220 2518 321 2558 um
343 2496 635 2568 Sabinum,
685 2496 968 2556 inermem
990 2493 1404 2575 neque'fugam
1430 2504 1803 2575 coeptantem,
1831 2497 2160 2578 circumsis—

224 2586 369 2649 tunt,
399 2589 462 2638 et
479 2578 811 2650 Quinctium
835 2577 1110 2647 Atticum,
1139 2573 1222 2655 (i)
1248 2575 1806 2649 Consulem,umbra
1826 2578 2065 2651 honoris
2094 2587 2158 2640 et
2224 2626 2233 2635 ,

218 2667 443 2720 suamet
467 2658 718 2720 vanitate
759 2664 1156 2728 monstratum,
1187 2656 1341 2734 quod
1368 2658 1558 2717 edicta
1592 2659 1652 2717 in
1691 2660 1996 2737 populum,
2032 2679 2152 2740 ‚pro

214 2738 574 2817 Vespasiano
599 2737 919 2814 magnifica,
947 2739 1236 2815 probrosa
1250 2737 1526 2798 adversus
1554 2739 1883 2812 Vitellium,
1894 2739 2148 2818 jecerat.

216 2818 425 2877 Ceteri
445 2837 558 2894 per
582 2819 779 2877 varios
801 2837 968 2878 casus
1015 2818 1199 2896 elapsi
1221 2846 1240 2877 ·.
1287 2818 1517 2894 quidam
1567 2821 1771 2882 servili
1801 2821 2022 2894 habitu,
2050 2824 2149 2884 alii

213 2896 334 2958 fide
352 2898 647 2957 clientium
664 2900 938 2969 contecti,
962 2906 1022 2956 et
1037 2898 1194 2958 inter
1208 2898 1462 2958 sarcinas
1491 2901 1686 2961 abditi.
1771 2899 1991 2972 Fuere,
2020 2904 2144 2981 qui,

215 2984 474 3054 excepto
495 2977 936 3038 Vitellianorum
957 2979 1141 3054 signo,
1187 2998 1304 3056 quo
1325 2979 1482 3042 inter
1505 2999 1571 3040 se
1617 2982 2029 3051 noscebantur,
2057 2985 2147 3043 ul-

214 3062 311 3118 tro
359 3058 668 3135 rogitantes
715 3058 1241 3139 respondentesve,
1281 3060 1572 3118 audaciam
1619 3080 1731 3138 pro
1777 3059 2009 3120 latebra*
2043 3062 2144 3122 ha·

209 3141 444 3199 herent.
555 3160 598 3201 ⁸,-
865 3138 872 3143 ’

296 3204 568 3280 LXXIV.
615 3218 998 3289 Domitianus,
1042 3218 1233 3296 prima
1273 3219 1608 3298 inruptione
1656 3218 1806 3298 apud
1867 3220 2140 3285 aedituum

208 3300 553 3371 occultatus,
579 3300 842 3359 sollertia
859 3298 1081 3371 liberti,
1101 3298 1260 3358 lineo
1277 3301 1488 3360 amictu
1515 3300 1702 3360 turbae
1731 3300 2145 3364 sacricolarum

207 3378 483 3440 inmixtus
524 3380 969 3458 ignoransque,
985 3380 1133 3457 apud
1160 3380 1505 3441 Cornelium
1535 3380 1814 3454 Primum,
1835 3389 2141 3461 paternum

207 3459 512 3531 clientem,
529 3459 697 3536 juxta
716 3458 1059 3532 Velabrum,
1086 3461 1335 3522 delituit.
1418 3463 1504 3522 Ac
1530 3463 1791 3545 potiente
1820 3482 2016 3525 rerum
2037 3483 2136 3544 pa-

277 3657 304 3706 i
338 3650 606 3713 Quinctius
622 3655 817 3707 Atticus
848 3650 948 3704 and
968 3654 1177 3706 Alienus
1196 3657 1307 3708 and
1316 3656 1518 3710 Caecina
1535 3670 1674 3710 were
1693 3657 1883 3709 consule
1903 3656 2029 3709 from
2044 3655 2130 3709 the
2158 3646 2164 3653 ⁸

211 3717 322 3771 first
336 3716 396 3771 οἴ
405 3721 699 3773 November
712 3727 767 3775 to
787 3722 873 3773 the
889 3721 988 3771 end
1005 3722 1065 3780 of
1075 3722 1163 3771 the
1178 3737 1316 3786 year.

1138 3793 1212 3848 14
