2459 4075
259 97 331 149 14
802 113 813 126 ’
853 94 923 151 C.
970 95 1209 152 CORN.
1261 97 1564 157 TACITI.
1772 123 1829 160 A·
1863 124 1920 163 u.
1953 124 2007 164 c.
2040 112 2174 167 820.

261 237 659 295 auctoritatem
719 239 981 309 Senatus,
1035 240 1131 297 hic
1190 241 1577 317 dignationem
1621 244 1871 305 Caesaris
1923 251 2171 315 laturus.

262 313 530 373 Placebat
551 325 612 374 et
637 317 949 388 Laconem,
981 319 1253 378 Praetorii
1291 321 1664 394 Praefectum,
1694 325 1862 383 simul
1883 330 2054 388 mitti.
2120 337 2179 393 ls

258 395 499 453 consilio
543 397 891 455 intercessit.
977 398 1176 473 Legati
1199 418 1431 475 quoque
1461 402 1622 479 (nam
1664 404 1905 464 Senatus
1934 410 2175 471 electio-

258 493 393 532 nem
414 476 617 534 Galbae
637 475 1011 555 permiserat)
1038 477 1188 535 t'oeda
1214 479 1592 538 inconstantia
1617 483 1916 555 nominati,
1939 506 2180 549 excusa-

226 584 232 588 <
258 553 321 622 ti,
351 555 661 623 substituti,
685 557 898 614 ambitu
932 558 1268 616 remanendi
1295 566 1392 617 aut
1412 561 1609 631 eundi,
1637 569 1700 619 ut
1737 582 2031 643 quemque
2053 589 2176 629 me-

258 641 350 690 tus
378 635 475 690 vel
504 653 640 709 spes
669 633 981 709 inpulerat.
1164 649 1173 656 ‘
1901 631 1906 642 ⁸

335 713 467 769 XX.
516 714 788 771 Proxima
807 716 1075 790 pecuniae
1103 734 1281 775 cura:
1329 725 1390 776 et
1408 727 1615 777 cuncta
1635 724 2028 783 scrutantibus
2043 726 2176 802 jus·

250 792 536 850 tissimum
573 792 761 851 visum
789 803 898 864 est,
937 796 1071 852 inde
1113 790 1329 887 τοῦ,
1378 798 1529 856 unde
1551 799 1762 874 inopiae
1793 820 1992 861 caussa
2029 815 2173 865 erat.

254 871 353 927 Bis
378 879 438 928 et
457 872 639 929 vicies
669 875 879 933 millies
907 874 1241 933 sestertium
1257 877 1657 937 donationibus
1672 878 1837 937 Nero
1870 882 2172 943 effuderat.

255 950 553 1026 Adpellari
599 953 851 1034 singulos
886 945 1081 1028 jussit,
1127 954 1371 1014 decuma
1410 963 1578 1033 parte
1620 959 1974 1018 liberalitatis
2019 965 2176 1039 apud

255 1049 546 1107 quemque
592 1049 792 1091 eorum
840 1035 1062 1091 relicta.
1153 1036 1228 1090 At
1264 1035 1377 1092 illis
1409 1036 1508 1093 vix
1536 1038 1796 1095 decumae
1835 1058 2016 1115 super
2041 1061 2176 1118 por-

254 1109 442 1166 tiones
472 1119 656 1179 erant,
686 1112 888 1169 iisdem
927 1133 1065 1188 erga
1110 1114 1300 1173 aliena
1322 1116 1664 1192 sumptibus,
1686 1117 1891 1191 quibus
1908 1139 2012 1178 sua
2037 1141 2173 1198 pro-

253 1187 535 1263 degerant
557 1213 571 1261 3
617 1210 750 1249 cum
767 1193 1137 1267 rapacissimo
1154 1193 1370 1269 cuique
1387 1213 1454 1251 ac
1483 1195 1876 1269 perditissimo
1898 1218 2012 1257 non
2033 1197 2176 1273 agri,

253 1276 351 1325 aut
376 1268 564 1337 fenuS‚
614 1271 716 1327 sed
756 1272 879 1327 sola
918 1271 1293 1330 instrumenta
1335 1273 1610 1330 vitiorum
1652 1284 1973 1333 manerent.
2057 1278 2175 1336 Ex·-

252 1348 461 1405 actioni
489 1347 659 1404 XXX
690 1349 928 1424 Equites
957 1351 1202 1408 Romani
1236 1352 1573 1427 praepositi3
1617 1369 1830 1410 novum
1874 1355 2046 1412 officii
2073 1376 2175 1432 ge-

251 1446 382 1494 nuS‚
402 1434 459 1483 et
489 1429 703 1486 ambitu
725 1448 789 1486 ac
818 1448 1062 1487 numero
1083 1450 1427 1489 onerosum:
1452 1429 1671 1505 ubique
1688 1432 1849 1489 hasta
1869 1430 1949 1511 (t)
1966 1442 2027 1491 et
2046 1455 2174 1494 sec-

253 1514 387 1576 tor;
431 1513 491 1562 et
532 1506 788 1582 inquieta
820 1510 958 1565 urbs
1004 1509 1383 1567 auctionibus.
1469 1510 1737 1568 Attamen
1788 1513 2004 1585 grande
2039 1534 2175 1589 gau-

252 1586 432 1652 dium,
483 1587 637 1661 quod
679 1596 796 1643 tam
835 1607 1127 1664 pauperes
1175 1589 1387 1658 forent,
1426 1590 1634 1665 quibus
1677 1590 1948 1648 donasset
1985 1592 2173 1663 Nero,

253 1684 423 1741 quam
450 1665 657 1740 quibus
677 1668 1023 1725 abstulisset.
1109 1669 1478 1727 Exauctorati
1501 1688 1611 1744 per
1638 1688 1741 1728 eos
1756 1670 1879 1727 dies
1898 1671 2173 1744 Tribuni,

253 1764 286 1802 e
317 1745 604 1801 Praetorio
631 1743 910 1805 Antonius
940 1748 1171 1806 Taurus
1200 1756 1262 1805 et
1288 1748 1567 1805 Antonius
1597 1746 1753 1806 Naso
1779 1771 1793 1819 ;
1838 1768 1912 1806 ex
1942 1753 2174 1810 urbanis

254 1824 592 1884 cohortibus
634 1826 904 1883 AEmilius
969 1827 1240 1885 Pacensis
1266 1849 1279 1898 ;
1344 1846 1377 1884 e
1437 1827 1645 1900 vigiliis
1687 1827 1876 1886 Julius
1931 1830 2169 1889 Fronto.

254 1903 384 1961 Nec
414 1903 736 1962 remedium
762 1905 821 1961 in
842 1913 1074 1964 ceteros
1093 1905 1342 1975 fuit,sed.
1366 1913 1552 1963 metus
1581 1906 1805 1963 initium
1832 1929 1845 1963 z
1890 1915 2176 1988 tamquam
2199 1909 2204 1946 f

255 2001 367 2061 per
394 1989 578 2042 artem
607 1990 668 2043 et
713 1983 1077 2055 formidinem
1106 1985 1313 2061 singuli
1341 1986 1732 2063 pellerentur,
1764 1987 2026 2048 omnibus
2052 2009 2176 2049 sus·

256 2065 464 2140 pectis.
1353 2132 1362 2139 ι

335 2143 497 2201 Xxl.
545 2145 779 2203 Interea
794 2146 1111 2219 Othonem,
1128 2149 1242 2217 cui,
1260 2149 1596 2224 compositis
1618 2149 1812 2215 rebus,
1836 2149 1991 2205 nulla
2017 2166 2178 2222 spes,

256 2243 425 2282 omne
474 2225 532 2281 in
587 2226 814 2284 turbido
881 2228 1203 2294 consilium,
1253 2229 1427 2282 multa
1479 2227 1646 2283 simul
1694 2227 2130 2285 exstimulabant
2155 2248 2170 2283 ι

254 2305 474 2362 luxuria
511 2305 682 2361 etiam
708 2305 962 2381 Principi
986 2304 1092 2436 (ul)3
1110 2322 1357 2360 onerosa
1384 2325 1397 2359 ε
1430 2304 1624 2377 inopia
1653 2302 1750 2358 vix
1772 2303 1997 2375 privato
2025 2306 2176 2385 tole-

253 2384 450 2448 tanda,
488 2384 547 2438 in
572 2383 814 2438 Galbam
837 2382 941 2449 ira,
964 2383 1023 2437 in
1096 2383 1320 2438 isonem
1340 2382 1571 2439 invidia.
1658 2379 1938 2452 Fingebat
1959 2388 2019 2439 et
2045 2401 2170 2440 me-

254 2471 392 2530 tum,
443 2478 558 2536 quo
598 2460 775 2533 magis
821 2461 1284 2535 concupisceret.
1372 2469 1386 2493 ‘
1419 2460 1791 2533 Praegravem
1838 2479 1902 2517 se
1944 2460 2173 2521 Neroni

257 2550 275 2573 ⁶
303 2540 478 2598 fuisse
502 2560 516 2595 t
564 2558 673 2599 nec
711 2538 1054 2596 Lusitaniam
1076 2559 1296 2609 rursus,
1334 2546 1394 2598 et
1413 2540 1647 2597 alterius
1671 2538 1860 2595 exsilii
1888 2541 2177 2611 honorem

257 2630 275 2653 ⁶
305 2619 790 2696 exspectandum:
837 2626 1166 2694 suspectum
1194 2639 1433 2694 semper
1453 2620 1809 2693 invisumque
1838 2620 2175 2678 dominanti-

257 2712 273 2734 ⁸
302 2702 433 2767 buS,
464 2698 558 2773 qui
586 2698 883 2772 proximus
902 2698 1306 2761 destinaretur.
1394 2698 1680 2757 Nocuisse
1702 2696 1760 2754 id
1785 2699 1895 2756 sibi
1919 2701 2065 2775 apud
2084 2719 2174 2758 se-

259 2788 274 2812 ‘
305 2799 439 2837 nem
465 2778 834 2851 Principem:
882 2780 1056 2852 magis
1091 2779 1413 2836 nociturum
1442 2780 1588 2855 apud
1607 2779 1910 2853 juvenem,
1939 2779 2174 2854 ingenio

261 2868 275 2891 ‘
305 2866 552 2926 trucem,
572 2857 812 2931 etlongo
832 2857 1039 2915 exsilio
1053 2859 1372 2916 efferatum.
1444 2859 1648 2917 Occidi
1667 2858 1958 2916 Othonem
1973 2877 2170 2934 posse.

259 2946 274 2971 ³
307 2937 558 2994 Proinde
604 2937 882 3010 agendum
919 2938 1373 3013 audendamque,
1433 2935 1565 2999 dum
1611 2937 1817 2996 Galbae
1870 2938 2172 2995 auctoritas

260 3028 272 3050 ⁴
304 3017 481 3087 fluxa,
535 3016 760 3075 Pisonis
808 3018 1054 3076 nondum
1109 3019 1433 3077 coaluisset.
1544 3020 1920 3098 Opportunos‘
1958 3017 2180 3090 magnis

324 3271 342 3312 t
379 3263 569 3327 Ubique
587 3265 743 3313 hasta.
812 3262 986 3311 There
1030 3276 1168 3310 were
1214 3265 1446 3325 auctions
1485 3279 1644 3326 every
1678 3262 1868 3310 where.
1937 3261 1979 3308 A
2023 3269 2174 3323 spem·

259 3330 393 3379 fixed
413 3331 465 3377 in
490 3332 576 3378 the
600 3332 745 3377 earth
767 3344 868 3376 was
891 3330 978 3375 the
1001 3330 1353 3377 auctioneer’s
1374 3330 1499 3392 sign.

323 3412 361 3444 u
394 3394 567 3444 Etiam
603 3396 857 3458 Principi.
931 3394 1185 3455 Although
1206 3396 1279 3442 *h‘e
1304 3392 1402 3442 had
1445 3398 1571 3441 been
1612 3408 1642 3440 a
1668 3393 1871 3453 Prinne,
1909 3393 2044 3441 Otho
2077 3391 2164 3439 did

257 3466 345 3509 not
370 3463 571 3521 sci-nple
606 3467 656 3508 to
678 3475 786 3523 say,
823 3460 935 3506 that
957 3461 1170 3521 nothing·
1187 3461 1323 3507 short
1348 3460 1405 3507 of
1439 3466 1522 3505 tue
1550 3460 1784 3519 imperial
1809 3473 1982 3519 power
2014 3457 2165 3504 could

258 3541 378 3574 save
403 3530 505 3573 him
520 3528 647 3574 from
673 3531 811 3575 utter
828 3524 943 3573 ruin
963 3524 1108 3579 rand
1136 3525 1369 3573 whether
1392 3527 1457 3574 ho
1480 3526 1599 3574 died
1631 3526 1684 3574 is
1708 3526 1884 3588 battle,
1919 3539 1978 3572 or
2013 3523 2106 3571 fell
2133 3536 2167 3570 a

259 3592 441 3643 victim
459 3598 510 3642 to
527 3594 601 3641 his
623 3592 893 3653 creditore,
919 3606 1023 3641 was
1043 3591 1367 3640 immaterial.
