2459 4075
11 0 441 18 -v-*njqffirrffl
472 0 487 3 vr

362 193 418 249 ε’.
449 202 507 252 c.
540 180 638 250 ss.
745 249 768 284 μ
801 175 1128 250 msron:
1171 181 1326 249 ΜΒ.
1386 170 1832 250 SECUNDUS.
2196 188 2272 242 vs

205 357 216 364 ‘
251 395 260 396 ff
364 341 382 367 ‘
411 336 670 404 ercitum’
698 335 1140 398 ementirentur.
1228 336 1286 396 ls
1313 354 1531 406 rumor,
1559 334 1632 393 ab
1672 329 2138 411 exploratoribus
2164 329 2272 389 Vi«

359 414 502 473 tellii
522 414 837 491 dispersus,
860 434 931 476 an
959 417 1020 476 in
1038 416 1167 494 ipsa
1192 415 1442 478 Othonis
1469 421 1661 493 parte,
1681 432 1785 472 seu
1812 411 1971 481 dolo,
1992 429 2096 472 seu
2121 409 2271 470 sorte

356 496 701 565 surrexerit,
727 494 833 574 (a.)
855 515 1062 572 parum
1087 501 1473 576 compertum.
1559 493 1790 552 Omisso
1811 489 2269 581 pugnae-ardore,

355 571 667 634 Othoniani
709 576 866 634 ultro
912 573 1274 638 salutavere:
1322 583 1384 635 et
1428 574 1625 648 hostili
1669 590 1967 633 murmure
2016 577 2272 649 exceptl,

354 654 653 731 plerisque
680 671 918 713 suorum
942 653 1173 728 ignaris,
1202 676 1330 734 quae
1352 674 1553 718 caussa
1568 653 1869 723 salutandi,
1890 656 2112 710 metum
2134 668 2272 728 pro·

335 732 583 793 'ditionis
603 733 829 802 fecere,
857 752 991 792 cum
1017 732 1274 808 incubuit
1298 736 1551 795 hostium
1587 734 1765 805 acies,
1787 734 2027 808 integris
2057 731 2273 792 ordini·

351 812 480 883 bus,
519 814 736 873 robore
763 819 827 871 et
850 815 1520 888 numeropraestantior:
1568 813 1904 883 Othoniani,
1934 815 2277 888 quamquam

346 891 618 970 dispersi,
648 892 979 969 pauciores,
1001 891 1162 962 fessi,
1189 892 1462 968 proelium
1475 900 1668 952 tamen
1689 893 1905 953 acriter
1925 892 2272 969 sumpsere:

351 979 413 1032 et
432 992 542 1049 per
567 973 752 1044 locos,
795 973 1097 1031 arboribus
1119 990 1185 1030 ac
1221 972 1407 1032 vineis
1429 971 1759 1062 impeditos,
1789 991 1904 1031 non
1924 990 2039 1030 una
2063 989 2277 1049 pugnae
2352 977 2361 982 ’

346 1049 562 1112 facies:
607 1056 866 1115 cominus
907 1052 1251 1129 eminusque
1298 1058 1553 1110 catervis
1596 1059 1656 1109 et
1701 1054 1904 1110 cuneis
1951 1068 2272 1110 concurre-

349 1131 526 1198 bant:
572 1130 632 1194 in
667 1149 877 1205 aggere
918 1130 1035 1187 viae
1071 1131 1301 1188 conlato
1326 1130 1525 1204 gradu,
1546 1130 1892 1206 corporibus
1921 1136 1981 1188 et
2006 1128 2272 1190 umboni·
2304 1145 2311 1150 “

348 1209 461 1268 bus
490 1209 615 1278 niti,
664 1211 874 1268 omisso
902 1209 1151 1285 pilorum
1169 1208 1357 1284 jactu,
1401 1208 1603 1284 gladiis
1652 1213 1714 1265 et
1737 1207 2039 1266 securibus
2084 1209 2278 1283 galeas

351 1287 683 1365 loricasque
708 1291 1099 1365 perrumpere
1123 1309 1136 1346 ε
1182 1295 1493 1347 noscentes
1536 1287 1691 1345 inter
1734 1304 1824 1357 se,
1872 1286 2091 1346 ceteris
2137 1305 2274 1350 con·

350 1366 561 1448 spioni,
590 1370 649 1427 in
677 1374 952 1426 eventum
979 1370 1152 1427 totius
1179 1368 1322 1427 belli
1349 1368 1672 1425 certabant.
1976 1377 1983 1386 ‘

431 1446 652 1507 XLIII.
699 1448 879 1510 Forte
925 1449 1080 1508 inter
1132 1447 1351 1507 Padum
1404 1447 1696 1525 viamque,
1754 1447 1974 1524 patenti
2043 1459 2272 1525 campo,

293 1515 300 1522 ⁸
343 1526 476 1590 duae
502 1527 761 1605 legiones
799 1546 1130 1604 co'ngressae
1176 1536 1345 1587 sunt:
1392 1547 1504 1604 pro
1528 1519 1768 1586 Vitellio
1798 1527 2271 1613 unaetvicesima,

349 1606 443 1665 cui
495 1619 815 1684 cognomen
863 1615 880 1641 ‘
906 1606 1167 1684 Rapaci,’
1221 1616 1430 1667 vetere
1475 1608 1661 1684 gloria
1704 1607 1976 1683 insignis:
2024 1626 2059 1665 e
2103 1614 2272 1684 parte

325 1685 619 1761 ⁴Othonis,
641 1689 828 1767 prima
843 1686 1131 1763 Adiutrix,
1160 1708 1275 1747 non
1305 1696 1435 1747 ante
1463 1688 1522 1746 in
1544 1689 1727 1747 aciem
1755 1687 2024 1757 deducta,
2065 1687 2171 1745 sed
2189 1685 2276 1747 fe·

348 1784 455 1824 rox
495 1774 557 1826 et
581 1769 716 1826 novi
744 1766 974 1826 decoris
1003 1767 1185 1827 avida.
1273 1768 1551 1838 Primam,
1577 1768 1770 1827 stratis
1792 1768 2272 1828 unaetvicesima·

346 1861 551 1905 norum
571 1847 896 1925 principiis,
915 1845 1020 1925 (b)
1046 1847 1296 1924 aquilam
1312 1847 1606 1926 abstulere
1635 1869 1651 1904 x
1696 1849 1810 1924 q‘uo
1831 1847 2038 1906 dolore
2060 1866 2269 1910 accen·

346 1943 408 1982 aa
425 1926 602 2004 legi0‚
631 1936 700 1994 et
715 1927 928 2005 inpulit
953 1946 1152 1986 rursus
1180 1925 1278 2006 (c)⁴
1297 1928 1612 2005 primanOS‚
1641 1926 1950 1986 interfecto
1978 1925 2271 2005 Orphidio

349 2003 610 2083 Benigno
656 2007 899 2082 Legato,
928 2011 989 2064 et
1033 2006 1286 2083 plurima
1325 2007 1485 2084 signa
1508 2006 1846 2084 vexillaque
1888 2025 1964 2066 ex
2006 2008 2271 2067 hostibus

347 2086 557 2161 rapuit.
642 2088 692 2143 A
733 2092 903 2161 parte
952 2084 1083 2155 alia,
1110 2087 1391 2161 propulsa
1418 2085 1820 2163 quintanorum
1850 2087 2052 2162 inpetu
2080 2087 2276 2145 tertia-

342 2163 572 2223 decima
588 2164 741 2238 legio
760 2185 774 2220 ε
820 2163 1202 2221 circumventi
1224 2164 1477 2239 plurium
1498 2164 1744 2222 adcursu
1763 2163 2268 2243 quartadecimani.

345 2241 444 2312 Et,
476 2243 736 2301 Ducibus
765 2240 1013 2299 Othonis
1040 2242 1149 2299 ‘am
1190 2238 1429 2319 pridem
1462 2240 1746 2320 profugiS‚
1775 2241 2015 2303 Caecina
2036 2263 2104 2302 ac
2151 2244 2269 2302 Va·

340 2318 471 2381 lens
516 2321 783 2382 subsidiis
819 2338 959 2378 suos
1049 2322 1326 2382 rmabant.
1412 2321 1676 2381 Accessit
1718 2339 1928 2381 recens
1975 2322 2277 2395 auxilium,
2306 2385 2315 2390 ⁶

261 2424 270 2445 ι
343 2400 535 2461 Varus
561 2402 865 2479 Alphenus
884 2419 1015 2460 cum
1044 2401 1296 2472 Batavis,
1320 2400 1444 2461 fusa
1461 2402 1839 2478 gladiatorum
1863 2420 2057 2472 manu,
2074 2422 2268 2480 quam,

319 2482 582 2555 ‚navibus
630 2487 1038 2551 transvectam,
1086 2481 1373 2558 oppositae
1426 2482 1701 2542 cohortes
1745 2483 1805 2541 in
1853 2482 1983 2558 ipso
2028 2482 2268 2543 flumine

340 2563 811 2623 trucidaverantt
856 2560 935 2618 ita
960 2561 1215 2620 victores
1243 2563 1390 2620 latus
1432 2562 1683 2621 hostium
1710 2562 1949 2631 invecti.

348 2636 351 2640 ’
392 2638 633 2700 [XLIV.
677 2640 774 2711 Et,
800 2639 988 2700 media
1014 2640 1139 2699 acie
1164 2647 1471 2718 perrupta,
1514 2640 1718 2718 fugere
1747 2641 1960 2720 passim
1987 2639 2266 2703 Othonia⁴

324 2718 795 2797 pLBedriacum
836 2727 1124 2795 petentes.
1212 2721 1542 2787 Inmensum
1578 2721 1639 2779 id
1663 2718 1954 2800 spatium:
2001 2723 2262 2783 obstruc-

325 2805 414 2871 ,tae
470 2809 660 2876 strage
713 2816 1030 2876 corporum
1082 2799 1240 2859 vias:
1287 2819 1402 2878 quo
1450 2802 1580 2880 plus
1633 2802 1810 2861 caedis
1856 2800 2001 2863 fuit:
2067 2822 2263 2880 neque

339 2878 520 2955 enim,
540 2880 807 2939 civilibus
827 2878 1022 2951 bellis,
1045 2879 1197 2959 capti
1218 2879 1278 2940 in
1298 2883 1560 2959 praedam
1579 2890 1906 2942 vertuntur.
1936 2877 2037 2961 (d)
2118 2883 2261 2942 Sue*

406 3051 440 3084 a
475 3034 740 3102 Suetonius
770 3037 1026 3102 expressly
1055 3051 1183 3102 says,
1214 3037 1327 3089 that
1347 3038 1499 3098 Otho,
1529 3038 1582 3088 in
1615 3040 1701 3089 the
1733 3041 1830 3089 last
1861 3044 2189 3103 engagement
2209 3044 2263 3088 at

338 3097 660 3159 Bedriacum,
680 3116 786 3152 was
804 3101 1033 3152 defeated
1062 3103 1136 3167 by
1165 3121 1197 3154 a
1216 3103 1502 3169 stratagem.
1569 3103 1665 3153 His
1704 3105 1910 3154 soldiers
1939 3118 2078 3152 were
2098 3105 2263 3155 called

338 3173 430 3216 out
463 3173 516 3217 to
536 3169 601 3216 be
617 3173 816 3232 present
850 3174 904 3218 at
934 3184 967 3217 a
985 3173 1190 3234 general
1225 3170 1556 3233 pacificationi,
1592 3169 1706 3228 and,
1748 3170 1800 3219 in
1820 3170 1909 3219 the
1941 3184 2068 3232 very
2088 3174 2170 3220 act
2211 3170 2271 3224 of

317 3233 552 3298 -saluting
565 3235 653 3284 the
667 3234 904 3287 Vitelliam
924 3248 1085 3298 army,
1104 3249 1243 3286 were
1258 3236 1501 3315 suddenly
1521 3235 1770 3287 attached.
1839 3235 2045 3286 Sueten.
2066 3232 2182 3288 Life
2210 3241 2271 3290 of

340 3300 495 3358 otho,
514 3316 551 3349 s.
569 3303 619 3350 9.
995 3346 998 3353 ,
1458 3343 1464 3349 ,
2226 3352 2236 3359 .

402 3364 434 3415 b
466 3367 767 3431 Principiis.
836 3365 1005 3416 These
1026 3366 1144 3417 who
1159 3366 1402 3432 occupied
1416 3368 1504 3418 the
1526 3367 1657 3423 fiunt
1675 3367 1820 3419 rank.
1887 3369 1983 3418 See
1999 3370 2128 3420 Ann.
2141 3373 2190 3421 4.
2209 3373 2258 3422 2.

401 3446 431 3480 c
463 3431 677 3491 Rursus,
701 3432 753 3479 in
780 3436 917 3489 turn,
936 3431 990 3480 in
1008 3432 1114 3483 like
1135 3448 1357 3485 manner.
1772 3483 1791 3495 ,
1812 3459 1815 3463 <

396 3498 433 3547 d
463 3496 518 3546 ln
538 3498 626 3546 the
646 3496 767 3545 civil
787 3511 918 3547 wara
936 3512 1002 3546 no
1020 3498 1269 3561 prisoners
1285 3515 1424 3550 were
1453 3501 1617 3559 made,
1636 3504 1692 3549 to
1722 3500 1790 3549 ‘be
1822 3499 2115 3550 asterwards
2150 3499 2261 3550 sold

327 3562 435 3623 into
450 3563 680 3624 slaveryz
711 3562 809 3611 and
830 3567 1201 3629 consequently‚
1235 3582 1302 3618 no
1336 3571 1544 3630 quarta·
1567 3581 1673 3615 was
1693 3564 1862 3630 given.
1929 3563 2187 3622 Plutarch,
2167 3576 2268 3672 ὦ

327 3629 451 3744 {iisse
426 3632 647 3749 acutri-0313
652 3627 710 3678 of
731 3628 831 3685 this
844 3628 1021 3687 battle,
1040 3629 1288 3684 describes
1307 3649 1340 3683 a
1358 3636 1489 3686 most
1505 3629 1738 3684 dreadful
1751 3642 1984 3694 carnago-
2051 3628 2147 3675 See

648 3708 698 3744 00·
1898 3716 1907 3725 '
2212 3724 2215 3733 *

1248 3767 1284 3821 8
1298 3763 1334 3802 1

1890 3936 1898 3971 )
