2459 4075
215 136 327 194 124
811 115 885 188 θ’.
913 127 1179 190 eorm.
1225 127 1534 214 ΤᾼΟΙΤῙ.
1726 148 1784 189 Α.
1815 148 1874 189 u.
1906 150 1963 190 c.
1995 135 2133 192 822.

198 288 285 352 tu,
330 278 416 361 (e)
445 276 722 336 cohortes
744 274 1065 356 Ariminum
1086 274 1198 357 (f)
1224 276 1547 354 praemittit,
1565 276 1710 338 alam
1738 276 1930 337 ‘tueri
1947 277 2130 356 terga’

188 360 401 438 jubet:
446 359 596 434 ipse,
641 355 859 433 paucis,
891 375 1038 432 quos
1077 359 1329 416 adversa
1369 376 1484 415 non
1524 364 1905 428 mutaverant,
1949 358 2132 416 comi-

197 441 466 507 mutibus,
496 436 663 496 flexit
687 436 747 493 in
775 435 1100 526 Umbriam,
1129 436 1227 516 (g)
1256 445 1429 514 atque
1456 436 1594 495 inde
1627 436 1922 506 Etruriam
1946 458 1962 495 z
2007 437 2133 508 ubi,

95 551 102 558 -
203 519 432 596 cognito
462 535 669 595 puguae
719 514 1134 575 Cremonensis
1168 527 1407 588 eventu,
1452 533 1569 575 non
1614 516 1904 592 ignavum,
1931 523 2034 588 et,
2077 517 2131 577 si

199 599 594 679 provenisset,
621 595 1116 655 atrox'consilium
1141 595 1290 668 iniit,
1331 605 1417 667 ut,
1465 596 1720 673 adreptis
1765 594 2028 667 navibuS‚
2070 595 2132 664 in
2226 645 2233 650 „

206 697 609 759 quamcunque
677 681 906 753 partem
971 673 1370 754 Narbonensis
1431 676 1792 753 provincias⁴
1837 694 2129 752 egressus,

196 759 414 818 Gallias
443 765 504 817 et
530 756 824 817 exercitus
865 761 927 812 et
952 753 1290 815 Germaniae
1319 763 1522 833 gentes
1550 765 1885 833 novumque
1912 756 2131 815 bellum

205 846 470 978 ωθὶὶῗίῐ.
517 915 796 992 Digresso
837 914 1112 987 Valente,
1156 914 1440 994 trepidos,
1477 912 1575 991 qui
1603 913 1928 973 Ariminum
1969 920 2132 982 tene·

202 1001 362 1068 bant,
407 997 720 1055 Cornelius
767 995 1011 1066 FuscuS,
1060 996 1295 1054 ‘admoto
1343 994 1632 1065 exercitu,
1680 1001 1741 1054 et
1785 994 1974 1053 missis
2022 1013 2135 1071 per
2226 1067 2230 1074 Δ

247 1078 471 1144 roxima
515 1077 749 1136 litorum
799 1075 1151 1146 Liburnicis,
1194 1081 1355 1135 terra
1413 1074 1673 1152 marique
1720 1073 2126 1134 circumvenit.

200 1098 579 1234 ¹(³)ccupantur
603 1158 774 1235 plana
813 1154 1073 1215 Umbriae
1117 1163 1180 1215 et
1219 1175 1333 1232 qua
1373 1154 1624 1214 Picenus
1666 1173 1806 1230 ager
1832 1154 2008 1212 Adria
2033 1153 2129 1212 ad·

200 1238 411 1297 luitur:
459 1237 758 1314 omnisque
803 1234 987 1306 Italia,
1029 1236 1181 1294 inter
1217 1234 1643 1312 Vespasianum
1689 1253 1756 1293 ac
1802 1234 2131 1305 Vitellium,

201 1317 505 1394 Apennini
511 1317 669 1393 jugis
690 1315 1072 1374 dividebatur.
1158 1315 1371 1373 Fabius
1414 1313 1653 1383 Valens,
1681 1333 1716 1371 e
1737 1315 1865 1373 sinu
1894 1313 2122 1384 Pisan0,

200 1396 297 1534 gi)
338 1397 561 1457 saevitia
605 1396 802 1464 maris,
832 1403 928 1452 aut
969 1394 1312 1453 adversante
1339 1400 1539 1464 vent0‚
1571 1392 1808 1452 Portum
1851 1391 2126 1451 Herculis

275 1477 466 1535 onoeci
504 1475 858 1552 depellitur:
902 1473 1051 1534 haud
1080 1475 1291 1550 procul
1325 1473 1460 1531 inde
1503 1474 1707 1548 agebat
1754 1472 1972 1531 Marius
1998 1469 2135 1544 Μ’«ιψι

199 1563 387 1624 turne,
413 1555 653 1631 Alpium
679 1553 1092 1612 maritimarum
1133 1553 1509 1625 Procurator,
1538 1552 1684 1611 tidus
1714 1551 1980 1623 Vitellio,
2022 1570 2125 1611 cu-

189 1634 292 1712 jus
320 1641 758 1703 sacramentum,
781 1632 1006 1692 cunctis
1033 1632 1192 1691 circa
1217 1633 1544 1702 hostilibus,
1578 1632 1828 1692 nondum
1868 1638 2130 1691 exuerat.

203 1716 261 1773 Is
287 1713 601 1773 Valentem
628 1712 875 1773 comiter
896 1720 1229 1789 exceptum,
1261 1721 1276 1747 ‘
1309 1733 1383 1771 ne
1409 1712 1656 1772 Galliam
1683 1711 2130 1771 Narbonensem

201 1804 216 1830 ‘
243 1801 469 1853 temere
497 1792 946 1868 ingrederetur‚’
977 1794 1265 1851 monendo
1292 1792 1540 1853 terruit:
1584 1792 1758 1850 simul
1786 1798 2123 1851 ceterorum

199 1873 345 1934 fides
375 1880 530 1957 metu
557 1872 833 1931 infracta:
880 1890 1125 1948 namque
1154 1872 1555 1949 circumjectas
1596 1871 1858 1931 civitates
1908 1870 2128 1929 Procu-

199 1960 360 2013 rator
389 1951 661 2012 Valerius
689 1951 1008 2022 Paullinus,
1056 1959 1328 2011 strenuus
1373 1952 1618 2021 militiae,
1661 1958 1721 2010 et
1761 1950 2126 2027 Vespasiano

198 2040 334 2095 ante
359 2032 650 2095 fortunam
678 2031 893 2092 amicus
909 2033 969 2091 in
996 2032 1181 2091 verba
1206 2031 1331 2110 ejus
1374 2030 1668 2108 adegerat.

276 2113 495 2172 XLIII.
542 2113 919 2192 Concitisque
949 2113 1233 2182 omnibus,
1282 2112 1397 2190 qui*
1429 2109 1793 2170 exauctorati
1820 2129 1853 2169 a
1878 2107 2123 2169 Vitellio

200 2195 418 2253 bellum
438 2201 647 2271 sponte
673 2196 997 2264 sumebant,
1026 2193 1495 2270 Forojuliensem
1541 2190 1848 2261 coloniam,
1877 2191 2127 2250 claustra

193 2275 390 2343 maris,
413 2274 687 2351 praesidio
708 2276 1014 2332 tuebatur:
1062 2291 1136 2331 eo
1169 2270 1406 2348 gravior
1426 2277 1649 2346 auctor,
1677 2269 1829 2348 quod
1857 2269 2122 2328 Paullino

198 2353 384 2432 patria
425 2355 642 2412 Forum
687 2352 849 2422 Julii,
890 2358 950 2410 et
996 2351 1181 2410 honos
1222 2351 1383 2428 apud
1416 2350 1827 2425 Praetorianos,
1878 2369 2125 2426 quorum

181 2433 483 2511 ‘quondam
527 2431 827 2489 Tribunus
849 2429 1058 2488 suerat.
1123 2430 1360 2508 Ipsique
1384 2430 1609 2507 pagani,
1638 2428 1840 2489 favore
1880 2428 2121 2487 munici-

199 2515 315 2590 pali
339 2520 400 2570 et
439 2509 649 2569 suturae
689 2509 974 2586 ‚potentiae
1019 2527 1148 2585 spe,
1186 2508 1401 2586 juvare
1448 2517 1645 2587 partes
1673 2508 2073 2568 adnitebantur
2097 2529 2152 2595 :t
2224 2538 2229 2545 -

196 2613 329 2670 quae
357 2592 456 2649 ubi
483 2595 687 2667 paratu
730 2588 916 2659 firma,
946 2597 1008 2647 et
1052 2598 1218 2648 aucta
1246 2609 1504 2660 rumore,
1533 2589 1683 2666 apud
1699 2588 1888 2646 varios
1918 2586 2107 2646 Vitel-

195 2672 482 2730 lianorum
530 2668 746 2729 animos
784 2669 1157 2739 increbuere,
1205 2671 1419 2729 Fabius
1467 2669 1686 2729 Valens
1713 2687 1841 2727 cum
1908 2673 2119 2723 uatuor

196 2747 660 2835 speculatoribus
689 2754 749 2806 et
789 2749 974 2805 tribus
1022 2748 1241 2820 amicis,
1281 2750 1519 2808 totidem
1548 2746 1890 2808 Centurioni
1932 2765 2017 2816 us,
2047 2743 2119 2802 ad

194 2847 370 2889 naves
393 2826 756 2903 regreditur:
803 2826 1034 2885 Maturo
1057 2830 1392 2907 ceterisque
1420 2847 1751 2899 remanere,
1775 2834 1835 2885 et
1853 2825 1913 2883 in
1929 2826 2118 2893 ⁷verba

194 2908 536 2984 Vespasiani
575 2907 743 2984 adigi,
785 2907 1113 2966 volentibus
1135 2907 1258 2968 suit.
1343 2908 1623 2966 Ceterum
1649 2914 1714 2965 ut
1758 2925 1919 2965 mare
1945 2906 2117 2965 tutius

195 2989 451 3059 Valenti,
500 3007 670 3066 quam
710 2989 901 3063 litora,
937 2994 1033 3047 aut
1069 2990 1286 3061 urbes3
1338 2989 1415 3046 ita
1450 2987 1628 3047 futuri
1682 2987 2003 3062 ambiguuS,
2057 2992 2117 3044 et

193 3071 391 3146 magis,
421 3069 558 3148 quid
595 3069 827 3140 vitaret,
855 3088 1024 3147 quam
1056 3071 1153 3128 cui
1177 3068 1410 3139 fideret,
1439 3075 1658 3150 certuS,
1701 3067 1948 3126 adversa
1968 3073 2113 3124 tem·

260 3267 286 3300 c
319 3251 397 3300 Eo
413 3257 559 3308 metu,
576 3252 611 3301 i.
635 3267 675 3300 e.
695 3251 793 3300 lest
806 3253 884 3300 his
901 3251 1106 3300 soldiers
1127 3251 1307 3311 should
1323 3251 1489 3299 desert
1501 3249 1625 3299 him.

240 3320 287 3382 s
310 3314 611 3374 Ariminum,
633 3323 810 3366 atown
828 3318 885 3366 of
893 3317 1123 3375 Umbria,
1140 3322 1193 3366 at
1207 3318 1295 3366 the
1317 3316 1495 3365 mouth
1517 3316 1575 3364 of
1582 3316 1668 3364 the
1688 3313 1827 3363 river
1837 3311 2117 3370 Ariminus,

195 3398 259 3432 on
273 3383 359 3431 the
380 3379 498 3445 gulf
510 3382 567 3429 of
580 3382 784 3431 Venice.

251 3465 289 3512 g
322 3447 551 3504 Umbria,
574 3463 603 3495 a
618 3447 832 3496 division
854 3449 911 3497 of
917 3449 1063 3510 Italy,
1083 3453 1135 3497 to
1155 3449 1244 3496 the
1265 3448 1544 3499 south-east
1564 3447 1622 3498 of
1629 3444 1858 3505 Etruria,
1877 3443 2111 3497 between

189 3515 276 3564 the
301 3512 524 3563 Adriatic
540 3513 636 3560 and
651 3514 738 3561 the
762 3514 883 3561 Nar.
1021 3559 1036 3563 ἡ
1781 3540 1791 3545 „

252 3581 289 3631 h
321 3580 457 3632 Βίην,
476 3577 686 3630 Pisano.
721 3579 835 3629 The
856 3579 958 3645 bay
979 3580 1037 3629 os
1050 3578 1179 3653 Pisa,
1200 3578 1252 3628 in
1274 3578 1496 3643 Etruria.
