2459 4075
255 166 336 222 ss
671 145 674 152 '
719 193 724 200 ·
835 161 906 222 c.
952 161 1199 221 coRN.
1246 160 1553 221 TAciTl.
1769 184 1829 226 A.
1858 183 1921 222 u.
1950 184 2008 224 c.
2040 160 2180 219 822.

255 315 373 387 que
400 309 556 386 juris
592 327 832 387 expers,
875 311 1003 386 pari
1038 309 1386 370 libertorum
1433 308 1863 386 amicorumque
1890 297 2190 375 socordia,

256 393 423 452 velut
448 390 602 450 inter
637 391 982 450 temulentos
1005 393 1224 467 agebat.
1310 390 1428 449 Sed
1447 389 1678 449 comitia
1703 388 2021 448 Consulum
2047 404 2186 445 cum

258 470 573 529 candidatis
597 471 858 530 civiliter
880 472 1218 540 celebrans,
1244 489 1475 536 omnem
1513 469 1725 529 infimae
1752 469 1941 546 plebis
1983 484 2180 526 rumo-

249 568 400 622 rem,
428 550 488 608 in
515 551 743 612 theatro
790 558 855 609 ut
879 558 1194 627 spectator,
1222 550 1280 608 in
1314 549 1480 609 circo
1508 556 1574 609 ut
1588 550 1806 621 fautor,
1829 544 2137 607 adfectavit
2161 566 2180 602 τ

253 650 410 709 quae,
430 638 589 706 grata
634 651 772 692 sane
819 638 882 698 et
906 631 1231 709 popularia,
1261 630 1309 688 si
1336 652 1370 690 a
1389 630 1699 691 virtutibus
1727 629 2182 706 proficisceren-

249 724 368 781 tur,
392 711 672 772 memoria
701 711 837 772 vitae
866 711 1103 788 prioris,
1132 708 1234 789 (p)
1264 711 1540 771 indecora
1563 718 1624 770 et
1648 710 1787 768 vilia
1813 708 2176 785 accipieban-

249 798 367 851 tur.
454 790 784 852 Ventitabat
808 792 869 849 in
906 791 1222 863 Senatum3
1269 791 1443 850 etiam
1478 810 1609 851 cum
1655 789 1854 866 parvis
1895 789 1970 847 de
1997 787 2185 845 rebus

248 870 451 929 Patres
473 872 935 930 consulerentur.
1016 872 1111 929 Ac
1138 870 1293 932 forte
1316 871 1551 930 Priscus
1593 869 1928 939 HelvidiuS,
1950 867 2181 926 Praetor

248 950 605 1025 designatus„
659 960 862 1011 contra
907 950 1158 1010 studium
1212 951 1360 1026 ejus*
1395 957 1724 1009 consuerat.
1838 949 2180 1006 Commotus

246 1032 444 1108 primo¹
489 1030 791 1105 Vitellius,
819 1045 933 1092 non
961 1039 1153 1089 tamen
1180 1033 1351 1101 ultra,
1382 1050 1553 1108 quam
1597 1039 1613 1064 ⁶
1647 1028 1946 1100 Tribunos
1988 1024 2183 1103 plebis

249 1118 275 1146 ⁶*
295 1111 357 1169 in
377 1110 658 1172 auxilium
703 1119 926 1189 spretae
942 1112 1266 1187 potestatis’
1315 1111 1645 1170 advocavit,
1722 1108 1889 1179 Mox,
1918 1106 2178 1181 mitigan-

245 1190 402 1250 tibus
432 1190 654 1262 amicis,
682 1193 781 1270 qui
810 1193 1078 1252 altiorem
1104 1192 1457 1250 iracundiam
1486 1191 1613 1267 ejus
1641 1191 2017 1256 verebantur,
2042 1194 2056 1219 ‘
2089 1182 2190 1241 ni-

248 1279 265 1305 ‘
291 1271 382 1333 hit
395 1271 534 1332 novi
560 1273 883 1343 accidisse,’
916 1272 1238 1348 respondit,
1264 1280 1281 1306 ‘¹
1311 1275 1467 1348 quod
1488 1271 1607 1328 ‘duo
1636 1270 1947 1328 Senatores
1966 1267 2025 1323 in
2056 1264 2175 1324 Re-

250 1360 269 1386 ⁸
297 1352 531 1427 publica
556 1352 967 1430 dissentirent:
1013 1351 1247 1409 solitum
1279 1370 1345 1412 se
1384 1352 1557 1409 etiam
1598 1349 1882 1407 Thraseae
1915 1344 2004 1425 (q)
2036 1362 2177 1402 con-

247 1437 266 1466 *
288 1430 625 1488 tradicere.⁹
710 1432 968 1487 inrisere
1004 1431 1276 1506 plerique
1320 1429 1714 1506 inpudentiam
1742 1422 2125 1484 aemulationis,
2152 1444 2169 1479 2

245 1506 376 1564 aliis
393 1506 458 1562 id
489 1506 682 1579 ipsum
708 1509 1006 1583 placebat,
1048 1510 1206 1582 quod
1241 1510 1534 1568 neminem
1578 1527 1653 1566 ex
1695 1503 2178 1584 praepotentibus,

243 1582 352 1642 sed
381 1583 732 1653 Thraseam,
759 1586 1164 1660 adtexemplar
1190 1606 1354 1646 verae
1381 1587 1584 1659 glorias
1611 1587 1864 1659 legisset.

327 1661 520 1720 XCII.
565 1661 981 1739 Praeposuerat
1021 1663 1396 1724 Praetorianis
1425 1665 1493 1722 P.
1540 1664 1830 1733 Sabinum,
1860 1682 1893 1720 a
1918 1659 2178 1721 Praefec·

235 1749 375 1804 tura
399 1742 658 1800 cohortis
682 1764 698 1814 3
740 1742 774 1798 J
782 1743 961 1800 ulium
985 1741 1274 1813 Priscum,
1296 1749 1418 1802 tum
1435 1743 1857 1802 Centurionem
1880 1766 1896 1801 z
1942 1742 2182 1808 Priscus

245 1821 532 1891 Valentis,
563 1822 805 1880 Sabinus
848 1822 1104 1882 Caecinae
1131 1822 1314 1896 gratia
1352 1824 1675 1898 pollebant.
1760 1823 1923 1883 inter
1952 1821 2177 1879 discor-

239 1900 345 1962 des
395 1900 639 1962 Vitellio
677 1900 828 1962 nihil
852 1901 1240 1961 auctoritatis:
1284 1903 1480 1964 munia
1525 1902 1769 1979 Imperii
1810 1901 2052 1961 Caecina
2104 1918 2173 1957 ac

241 1981 469 2041 Valens
489 1981 762 2045 obibant:
808 1982 951 2041 olim
973 1980 1130 2042 anxii
1156 1982 1324 2055 odiis,
1344 2002 1496 2060 quae,
1525 1983 1683 2041 bello
1713 1988 1774 2042 et
1799 1983 2004 2042 castris
2025 1981 2183 2040 male

235 2061 607 2134 dissimulata,
630 2063 885 2140 pravitas
903 2062 1245 2134 amicorum,
1268 2071 1331 2141 et
1340 2062 1590 2127 ¹secunda
1612 2063 1911 2141 gignendis
1933 2059 2177 2121 inimici-

239 2143 335 2203 tiis
359 2144 565 2205 civitas
599 2157 868 2215 auxerat,
895 2145 1031 2204 dum
1067 2145 1308 2215 ambitu,
1353 2143 1648 2214 comitatu,
1689 2150 1750 2202 et
1774 2142 2049 2202 inmensis
2083 2159 2173 2199 sa·

237 2224 544 2285 lutantium
567 2225 884 2302 agminibus
912 2225 1271 2285 contendunt
1296 2231 1823 2300 comparanturque
1849 2246 1866 2296 ς
1910 2222 2085 2282 variis
2115 2221 2177 2278 in

235 2304 398 2365 hunc
418 2313 515 2367 aut
559 2306 724 2365 illum
771 2306 998 2367 Vitellii
1038 2303 1523 2365 inclinationibus.
1603 2302 1661 2359 N
1665 2322 1735 2361 ec
1762 2323 2011 2379 unquam
2038 2301 2177 2361 satis

238 2383 357 2443 fida
377 2386 658 2461 potentia,
683 2385 784 2443 ubi
830 2385 1003 2443 nimia
1031 2389 1140 2441 est.
1227 2385 1408 2443 Simul
1449 2384 1641 2460 ipsum
1663 2383 1990 2453 Vitellium,
2018 2381 2174 2440 subi-

238 2464 311 2525 tis
340 2464 575 2525 offensis
603 2472 701 2522 aut
736 2462 1159 2540 intempestivis
1191 2463 1483 2524 blanditiis
1514 2463 1873 2534 mutabilem,
1914 2469 2175 2521 contem-

239 2545 456 2603 nebant
480 2545 956 2619 metuebantque.
1041 2543 1173 2602 Nec
1203 2563 1277 2603 eo
1302 2544 1534 2618 segnius
1582 2543 1916 2603 invaserant
1951 2543 2178 2612 domos,

238 2624 465 2692 hortos,
516 2640 779 2700 opesque
822 2623 1064 2700 Imperii
1084 2646 1108 2681 ι»
1144 2642 1279 2685 cum
1327 2621 1541 2681 flebilis
1571 2629 1631 2680 et
1673 2642 1850 2699 egens
1895 2622 2176 2680 nobilium

235 2702 428 2769 turba,
452 2720 598 2775 quos
621 2704 777 2778 ipsos
804 2703 1142 2778 liberosque
1172 2702 1375 2780 patriae
1414 2703 1600 2760 Galba
1631 2702 1985 2772 reddiderat,
2020 2701 2180 2758 nulla

240 2780 529 2855 Principis
577 2781 984 2842 misericordia
1031 2782 1401 2857 juvarentur.
1507 2782 1751 2842 Gratum
1818 2781 2176 2859 primoribus

237 2859 509 2928 civitatis,
554 2860 724 2918 etiam
762 2863 970 2938 plebes
1011 2861 1377 2936 adprobavit,
1417 2861 1571 2937 quod
1599 2862 1858 2921 reversis
1903 2863 1973 2920 ab
1996 2860 2178 2920 exilio

228 2943 367 3019 jura
404 2941 758 3002 libertorum
773 2939 865 3022 (r)
893 2940 1317 3003 concessisset:
1364 2959 1709 3021 quamquam
1736 2940 1796 3000 id
1823 2941 1979 2999 omni
1999 2936 2173 3005 modo

238 3100 332 3161 sis)
351 3115 455 3149 was
476 3101 688 3150 marked
709 3117 763 3149 as
784 3102 1011 3165 unlucky
1032 3099 1083 3147 in
1105 3101 1191 3149 the
1214 3098 1466 3158 calendar,
1487 3099 1585 3148 and
1607 3098 1871 3162 according
1901 3103 1955 3147 to
1976 3097 2180 3156 Cicero,

238 3166 455 3228 thought
476 3180 615 3216 more
632 3167 752 3216 fatal
769 3168 890 3217 than
906 3169 1018 3217 that
1039 3181 1102 3214 on
1118 3165 1289 3213 which
1313 3164 1476 3212 Rome
1493 3179 1598 3213 was
1615 3166 1783 3212 taken.

299 3248 335 3295 p
371 3231 623 3291 Vitellius,
655 3233 707 3280 in
728 3234 813 3280 the
831 3234 953 3281 time
975 3232 1033 3281 of
1062 3232 1109 3279 Ν
1113 3247 1215 3289 erc,
1238 3229 1509 3279 associated
1529 3229 1657 3277 with
1674 3227 1983 3291 pantomimo.
1999 3232 2178 3289 actore,
2206 3292 2209 3293 ⁷

237 3295 541 3346 charioteers
562 3298 661 3345 and
681 3300 944 3347 wrestlers.
1013 3297 1298 3355 Suetonius,
1313 3296 1366 3343 in
1389 3294 1540 3343 Vitel.
1558 3310 1596 3343 s.
1615 3302 1646 3343 4
1668 3295 1764 3343 and
1792 3297 1866 3344 1⁶2.

303 3378 333 3425 q
369 3362 617 3410 Thraseas
632 3377 736 3409 was
760 3378 790 3409 a
810 3363 1131 3425 philosopher
1147 3364 1203 3412 os
1229 3360 1512 3473 Petam,
1549 3359 1600 3406 in
1622 3361 1708 3408 the
1730 3376 1823 3423 age
1846 3359 1903 3409 of
1928 3360 2084 3419 Nero,
2104 3361 2177 3409 sa·

236 3441 382 3491 mous
396 3424 938 3488 forliisindependence
952 3428 1049 3474 and
1056 3442 1300 3488 generous
1315 3443 1366 3474 se
1494 3430 1615 3473 ents.
1640 3429 1748 3478 See
1762 3426 1948 3475 Annals
1962 3427 2068 3474 xvi.
2086 3429 2145 3475 21
2160 3460 2176 3473 .

300 3508 329 3540 r
360 3491 494 3540 Jura
539 3491 834 3539 libertorum.
909 3492 1116 3539 Patrons
1157 3492 1386 3540 retained
1427 3490 1633 3538 various
1675 3493 1833 3559 rights
1878 3507 2001 3540 over
2036 3489 2169 3538 their

233 3556 507 3604 freedmen.
575 3554 626 3603 If
637 3554 922 3615 the.patron
942 3569 1082 3602 were
1097 3558 1318 3604 reduced
1350 3563 1403 3604 to
1418 3561 1647 3618 poverty,
1677 3559 1766 3607 the
1789 3554 2042 3605 sreedman
2063 3567 2171 3601 was
2210 3554 2235 3561 ‘

235 3621 403 3673 bound
419 3626 476 3675 ,to
508 3625 718 3681 support
736 3619 860 3677 him,
892 3620 1156 3682 according
1172 3627 1222 3670 to
1244 3623 1320 3669 his
1339 3620 1537 3682 ability.
1606 3624 1655 3672 Π
1668 3625 1754 3681 the
1776 3621 2031 3670 freedman
2051 3618 2175 3669 died

233 3687 476 3743 intestine,
498 3683 714 3735 without
733 3684 882 3743 heim,
903 3685 991 3735 the
1007 3690 1187 3753 patron
1209 3687 1486 3737 succeeded
1501 3692 1561 3737 to
1595 3689 1672 3741 his
1695 3690 1878 3743 affecta,
