2459 4075
35 2168 36 2175 ⁴
35 1987 42 2097 mm*—
37 1953 38 1958 Α
35 1873 44 1924 ἡ
35 1753 38 1842 .—„

301 135 574 191 s.c.69.
696 149 698 151 ·
768 121 1294 186 Fumea-Lm.
1354 121 1799 182 SECUNDUS.
2146 129 2219 186 ‘n

285 252 508 345 -duceS,
549 273 750 351 magna
775 293 854 333 ex
878 265 1050 350 parte
1075 274 1272 342 luxus»,
1303 241 1598 348 egestatis,
1633 268 1935 328 scelerum
1958 269 2067 327 sibi
2091 291 2232 330 con-

251 405 257 409 .
306 356 476 424 seim,
505 355 613 413 nisi
641 356 924 432 pollutum
955 353 1421 429 obstrictumque
1458 349 1680 410 meritis
1723 347 1844 406 suis
1874 347 1985 429 (w)
2007 348 2229 411 Princi-

358 454 451 492 em
581 453 771 493 suros·

316 455 356 512 B
383 454 727 576 XXpleiSVIII.
771 513 958 574 Vetus
1002 531 1070 572 ae
1103 514 1227 589 jam
1271 510 1504 589 pridem
1542 507 1713 567 insita
1754 507 2095 568 mortalibus
2132 530 2236 587 po·-

312 595 510 652 tentiae
535 595 748 671 cupido
775 614 910 652 cum
931 594 1172 670 Imperii
1198 590 1590 667 magnitudine
1619 589 1875 647 adolevit
1901 591 2238 667 erupitque.

310 673 464 731 Nam
513 675 690 732 rebus
730 674 995 743 modicis,
1039 672 1336 750 aequalitas
1377 670 1546 730 facile
1576 670 1934 728 habebatur:
1978 671 2085 728 sed
2118 671 2241 742 ubi,

308 755 556 812 subacto
570 755 716 811 orbe
744 762 804 812 et
826 754 1050 812 aemulis
1076 752 1317 810 urbibus
1340 751 1716 828 Regibusque
1745 749 1980 819 excisis,
2009 769 2249 812 securas

311 852 456 910 opes
484 834 907 909 concupiscere
933 851 1181 891 vacuum
1204 830 1345 900 fuit„
1361 833 1549 907 prima
1566 832 1723 891 inter
1751 829 1956 887 Patres
1978 832 2243 906 plebem-

293 927 430 990 ·que
468 914 787 971 certamina
813 932 1129 976 exarsere:
1177 911 1348 969 modo
1394 912 1714 970 turbulenti
1736 910 2018 980 «Tribuni,
2069 911 2243 970 modo

314 992 601 1050 Consules
623 993 947 1068 praevalidi,
978 1001 1039 1051 et
1083 994 1144 1050 in
1172 993 1323 1048 urbe
1347 1010 1413 1048 ao
1440 989 1568 1048 foro
1597 997 1948 1049 tentamenta
1980 992 2244 1052 civilium

309 1071 626 1141 bellorum,
712 1071 855 1129 Mox
898 1091 934 1128 e
986 1073 1167 1149 plebe
1219 1069 1416 1126 infima
1460 1068 1532 1125 C.
1570 1069 1817 1136 Μανίας,
1861 1075 1921 1125 et
1967 1069 2246 1129 nobilium

312 1149 670 1208 saevissimus
698 1149 768 1205 L.
800 1150 979 1217 Sulla,
1007 1151 1219 1209 victam
1248 1148 1420 1205 armis
1454 1146 1785 1204 libertatem
1812 1146 1870 1202 in
1909 1147 2245 1209 dominatio-

321 1245 457 1288 nem
507 1234 833 1300 verterunt.
919 1227 1058 1287 Post
1100 1245 1245 1304 quos
1290 1225 1403 1286 Cn.
1443 1225 1759 1302 Pompeius
1792 1227 2098 1297 occultior,
2141 1247 2255 1288 non

317 1307 552 1365 melior.
635 1306 714 1364 Et
729 1328 1035 1385 numquam
1062 1316 1288 1385 postea,
1316 1306 1427 1364 nisi
1454 1304 1527 1380 de
1553 1305 1892 1382 Principatu
1919 1307 2243 1382 quaesitum.

303 1385 459 1450 ‚Non
487 1385 816 1445 discessere
844 1391 915 1450 ab
937 1389 1108 1447 armis
1136 1387 1194 1445 in
1219 1387 1523 1445 Pharsalia
1540 1405 1611 1446 ac
1641 1385 1952 1462 Phillippis
1979 1385 2078 1467 (x)
2107 1388 2249 1447 eivi-

301 1466 740 1541 .umlegiones:
777 1468 994 1526 nedum
1031 1463 1281 1526 Othonis
1325 1485 1393 1524 ac
1441 1466 1667 1526 Vitellii
1698 1466 1996 1525 exercitus
2038 1475 2251 1546 sponte

319 1545 567 1623 posituri
596 1547 815 1606 bellum
840 1547 1096 1607 suerint:
1144 1547 1349 1606 eadem
1394 1547 1525 1606 illos
1563 1549 1739 1605 deum
1766 1547 1875 1615 ira,
1914 1550 2119 1608 eadem
2146 1549 2250 1607 ho-

323 1626 541 1686 minum
567 1627 783 1696 rabieS,
817 1629 1041 1703 eaedem
1068 1628 1366 1686 scelerum
1391 1647 1613 1692 caussae
1643 1627 1703 1690 in
1728 1626 2077 1688 discordiam
2113 1646 2248 1703 ege·

327 1722 420 1761 re.
503 1703 678 1775 Quod
708 1707 943 1782 singulis
972 1709 1135 1780 velut
1160 1707 1373 1766 ictibus
1394 1713 1687 1767 transacta
1721 1712 1860 1786 sunt
1879 1707 2060 1780 bella,
2096 1708 2253 1782 igna-

328 1783 425 1841 via
451 1782 789 1860 Principum
813 1785 1032 1843 finctum
1056 1793 1170 1843 est.
1253 1785 1372 1843 Sed
1416 1803 1510 1844 me
1552 1792 1824 1844 veterum
1851 1801 2262 1863 novorumque

328 1880 556 1922 morum
591 1865 884 1939 reputatio
922 1865 1150 1941 longius
1196 1863 1370 1921 tulit:
1415 1883 1570 1924 nunc
1626 1862 1697 1920 ad
1734 1873 1936 1924 rerum
1984 1866 2254 1926 ordinem

335 1960 528 2003 venio.
839 2001 844 2005 .

408 2021 691 2080 XXXIX.
737 2022 1012 2081 Profecto
1073 2022 1401 2081 Brixellum
1459 2022 1718 2092 Othone,
1777 2024 1969 2081 honor
2015 2025 2257 2100 Imperii

297 2121 521 2178 ,penes
571 2103 870 2161 Titianum
895 2099 1159 2168 fratrem,
1206 2101 1297 2157 vis
1325 2120 1391 2157 ac
1435 2107 1690 2175 potestas
1716 2120 1900 2176 penes
1949 2096 2266 2171 Proculuin

333 2180 714 2239 Praefectum.
798 2179 1011 2238 Celsus
1059 2183 1120 2236 et
1160 2177 1476 2248 PaullinuS,
1525 2198 1657 2238 cum
1705 2179 2012 2255 prudentia
2057 2202 2262 2245 eorum

331 2278 510 2319 nemo
540 2266 825 2329 uteretur,
844 2259 1001 2318 inani
1022 2257 1256 2317 nomine
1284 2257 1539 2328 Ducum,
1561 2258 1769 2318 alienae
1791 2259 1980 2335 eulpae
2007 2270 2262 2338 praeten-

307 2342 637 2403 ‚debantun
726 2339 977 2398 Tribuni
1014 2337 1526 2417 Centurionesque
1546 2339 1814 2415 ambigui,
1843 2342 2020 2414 quod,
2048 2341 2263 2418 spretis
2354 2386 2371 2399 .

331 2422 698 2491 melioribus,
734 2419 1037 2481 deterrimi
1083 2420 1384 2478 valebant:
1430 2421 1598 2479 miles
1636 2420 1868 2491 alacer3
1931 2421 2028 2498 qui
2075 2428 2268 2480 tamen

323 2500 487 2576 jussa
507 2500 718 2559 ducum
766 2499 1162 2576 interpretari,
1194 2518 1366 2575 quam
1404 2499 1671 2577 exsequi,
1718 2500 1937 2571 mallet.
2023 2501 2266 2561 Promo·

263 2600 268 2603 ²
339 2580 467 2638 veri
495 2580 566 2639 ad
603 2587 872 2661 quartum
899 2600 932 2638 a
959 2578 1246 2637 Bedriaco
1290 2587 1476 2639 castra
1518 2581 1774 2657 placuit3
1821 2583 1964 2649 adeo
1993 2581 2270 2660 inperite,
2339 2580 2344 2591 '

281 2718 286 2727 .
340 2667 402 2718 ut
430 2679 778 2737 quamquam
803 2678 986 2719 verno
1022 2665 1292 2735 tempore
1331 2661 1484 2731 anni,
1535 2666 1594 2720 et
1631 2667 1716 2719 tot
1747 2660 1974 2721 circum,
2007 2664 2267 2722 amnibus

339 2741 588 2814 penuria
638 2759 801 2815 aquae
856 2739 1251 2814 fatigarentur.
1365 2741 1454 2817 Ibi
1507 2741 1580 2799 de
1635 2743 1849 2818 proelio
1905 2744 2262 2803 dubitatum:

341 2817 577 2876 Othone
606 2838 716 2895 per
742 2820 962 2878 litteras
1012 2818 1325 2893 flagitante,
1355 2830 1416 2879 ut
1442 2828 1797 2881 maturarent
1820 2845 1835 2894 3
1881 2824 2179 2893 militibus,
2208 2831 2273 2883 ut

309 2897 670 2972 ,Imperator
716 2918 922 2974 pugnae
966 2899 1215 2969 adesset,
1270 2901 1683 2976 poscentibus:
1751 2902 2024 2979 plerique
2070 2902 2268 2979 copias

340 2984 499 3034 trans
555 2975 772 3035 Padum
823 2985 1060 3053 agentes
1109 2978 1288 3036 acciri
1342 2981 1731 3056 postulabant.
1837 2980 1969 3040 Nec
2022 2982 2270 3056 perinde

338 3056 639 3132 dijudicari
661 3062 872 3133 pbtest,
902 3059 1036 3134 quid
1060 3058 1339 3133 optimum
1361 3057 1511 3119 factu
1533 3057 1730 3127 fuerit,
1757 3078 1929 3132 quam
1956 3061 2268 3136 pessimum

250 3146 254 3151 ’
345 3135 543 3207 fuisse,
585 3137 742 3214 quod
767 3136 980 3195 factum
1010 3143 1120 3195 est.

411 3328 456 3361 w
491 3311 791 3369 obstrictum
821 3316 1010 3363 meritis
1030 3315 1152 3375 suis,
1188 3312 1443 3377 obligated
1464 3314 1533 3377 by
1564 3313 1697 3363 their
1719 3314 1966 3367 exertions
2007 3317 2168 3366 ‹in-his
2192 3330 2270 3365 ac·-

338 3382 490 3426 count
509 3382 563 3425 to
577 3377 829 3439 patronize
852 3378 991 3427 them
1010 3380 1251 3427 however
1271 3379 1475 3429 vicinus.
1498 3436 1509 3441 „

405 3459 442 3492 x
477 3443 750 3501 Pharsalia,
766 3459 798 3491 a
817 3448 954 3492 town
975 3444 1028 3490 in
1044 3444 1289 3505 Thessaly
1309 3446 1554 3494 rendered
1585 3442 1776 3495 famous
1796 3448 1868 3510 by
1884 3448 1972 3495 the
1992 3447 2090 3494 last
2109 3444 2267 3493 battle

342 3507 574 3556 between
610 3504 780 3558 Caesar
816 3508 915 3557 and
938 3509 1176 3570 Pompey.
1246 3510 1501 3574 Phillippi,
1523 3529 1555 3560 a
1574 3512 1678 3574 city
1700 3514 1758 3560 of
1778 3511 2077 3560 Macedonia
2098 3524 2160 3554 on
2182 3507 2267 3550 the

341 3573 557 3623 confines
587 3572 644 3621 of
673 3569 893 3633 Thrace,
914 3575 1012 3623 and
1032 3574 1223 3623 famous
1255 3575 1328 3623 for
1362 3577 1447 3626 the
1479 3577 1639 3626 battle
1661 3577 1838 3638 fought
1874 3576 2018 3621 there
2040 3571 2271 3620 betwe‘ffl

346 3641 606 3704 Augustus
627 3641 726 3690 and
745 3641 833 3689 the
855 3639 1173 3703 Republican
1197 3646 1363 3704 party.
