2459 4075
199 165 206 180 ¹
275 108 284 114 7
330 165 472 223 ιω
926 160 998 219 o.
1045 159 1288 219 conn.
1339 160 1646 219 ΤΑοιΤῐ.
1854 155 2002 220 Asu.
2035 129 2093 220 ε’.
2131 150 2283 216 822.

334 319 351 344 ‘
383 309 725 387 reciperare
752 309 996 386 gloriam
1038 309 1321 392 possent)
1407 308 1563 368 Tum
1593 308 1662 366 ad
1689 307 1967 368 Moesicos
2014 320 2288 393 conver-

310 410 453 461 τηε,
486 393 505 425 6
534 390 835 468 principes
879 398 1268 468 auctoresque
1312 391 1476 447 belli'
1520 390 1752 449 ciebat:
1800 398 1817 424 6
1842 387 2058 448 frustra
2099 384 2286 443 minis

332 480 349 506 6
382 478 445 531 et
470 474 670 530 verbis
699 478 1048 548 provocatos
1067 471 1453 542 Vitellianos,
1481 471 1529 528 si
1558 490 1756 530 manus
1784 488 1986 529 eorum
2034 466 2285 525 oculos·
2366 531 2367 554 ἶ

332 561 350 587 6
381 570 498 631 que
528 570 643 610 non
661 555 1027 611 tolerarent.’
1083 549 1282 621 ‘Haec5
1311 560 1376 611 ut
1402 570 1666 629 quosque
1690 557 2054 611 accesserat:
2100 547 2287 623 plura

331 633 403 691 ad
439 633 742 703 tertianus,
783 640 1054 692 veterum
1099 634 1546 711 recentiumque
1596 635 1946 700 admonens:
1992 639 2057 687 ut
2100 636 2117 660 ‘
2162 624 2280 683 sub

332 722 350 747 6
381 712 466 771 Μ.
499 713 748 771 Antonio
773 713 1042 784 Parthos,
1070 717 1178 773 sub
1200 715 1542 773 Corbulone
1565 713 1895 784 Armenios,
1916 728 2111 792 nuper
2136 707 2278 763 Sar·
2366 733 2367 738 κ

332 801 350 828 6
380 801 556 852 matas
603 795 1003 871 pepulissent.’
1091 796 1257 865 Mox,
1288 794 1565 855 infensius
1594 794 2006 854 Praetorianis:
2055 797 2072 824 ‘
2098 783 2275 855 VOS,³
2366 821 2367 826 ¹

328 874 535 951 inquit,
579 881 596 908 6
617 873 724 932 nisi
757 874 1009 947 vincitis,
1038 879 1267 954 pagani,
1292 879 1419 953 quis
1442 878 1586 935 alius
1611 877 1958 952 Imperator,
1982 891 2113 948 quae
2144 879 2273 925 cas·

331 963 348 989 ‘
379 962 482 1014 tra‘
505 954 619 1011 alia
658 955 1000 1033 excipient?
1084 960 1211 1016 Illic
1261 957 1420 1035 signa
1464 976 1736 1034 armaque
1775 963 1973 1014 vestra
2010 958 2168 1017 sunt,
2215 954 2275 1008 et

332 1044 349 1070 ‘
381 1049 539 1095 mors
561 1035 753 1106 victis,
783 1056 913 1094 nam
942 1038 1306 1115 ignominiam
1327 1038 1806 1114 consumpsistis)
1841 1034 1919 1117 (l)
1990 1031 2271 1106 Undique
2366 1067 2367 1070 =

331 1117 591 1176 clamor:
639 1127 699 1175 et
726 1117 1014 1179 orientem
1048 1121 1233 1178 sol'em
1281 1119 1387 1201 (ita
1413 1120 1472 1177 in
1510 1118 1679 1196 Syria
1716 1137 1841 1216 mqs
1870 1112 1989 1195 est)
2033 1109 2269 1172 tertiani

329 1196 678 1258 salutavere.
712 1195 828 1276 (m)
2248 1255 2263 1276 s

413 1275 602 1334 XXV.
651 1275 843 1355 Vagus
891 1277 1049 1348 inde,
1102 1299 1169 1337 an
1220 1275 1465 1338 consilio
1515 1279 1696 1338 Ducis
1740 1278 2000 1337 subditus
2044 1287 2266 1341 rumor,

332 1367 349 1393 6
383 1357 690 1417 advenisse
736 1358 1113 1430 Mucianum3
1159 1360 1458 1417 exercitus
1497 1360 1750 1419 invicem
1786 1358 2100 1416 salutasse:
2147 1372 2269 1428 gra-

330 1439 469 1496 dum
497 1436 775 1506 inserunt,
817 1439 976 1515 quasi
1015 1440 1352 1497 recentibus
1381 1440 1607 1498 auxiliis
1656 1441 1847 1509 aucti:
1893 1437 2117 1494 rariore
2147 1435 2269 1510 jam

332 1517 778 1576 Vitellianorum
823 1518 971 1585 acie,
1015 1524 1079 1575 ut
1128 1517 1297 1595 quo's,
1332 1522 1492 1577 nullo
1522 1530 1779 1590 rectore,
1809 1538 1945 1577 suus
1979 1529 2268 1594 quemque

293 1599 563 1674 [inpetus
593 1598 690 1654 vel
719 1615 905 1671 pavor
933 1601 1312 1657 contraheret
1346 1600 1748 1659 diduceretve.
1835 1600 2143 1675 Postquam
2182 1595 2265 1652 in-

331 1679 527 1756 pulsos
576 1676 757 1734 sensit
798 1678 1103 1748 Antonius,
1146 1680 1328 1737 denso
1377 1681 1599 1757 agmine
1649 1683 2030 1741 obturbabat:
2091 1676 2262 1737 laxati

333 1758 567 1817 ordines
612 1758 1072 1834 abrumpuntur:
1119 1779 1230 1818 nec
1269 1762 1498 1821 restitui
1538 1763 1807 1838 quivere,
1837 1759 2265 1839 inpedientibus

332 1836 623 1899 vehiculis
651 1837 1094 1916 tormentisque.
1181 1840 1301 1899 Per
1328 1843 1569 1901 limitem
1594 1843 1706 1901 viae
1729 1853 2096 1918 sparguntur,
2125 1858 2259 1897 con·

326 1912 588 1977 sectandi
636 1916 1025 1989 festinatione,
1053 1920 1331 1980 victores.
1419 1924 1511 1980 Eo
1558 1921 1868 1982 notabilior
1904 1923 2098 1982 caedes
2135 1919 2261 1990 suit,

332 1998 466 2078 quia
492 1996 643 2058 filius
672 2007 898 2077 patrem
925 2000 1220 2061 interfecit
1244 2025 1258 2062 :
1304 2022 1430 2063 rem
1460 2004 1831 2081 nominaque,
1852 2013 2089 2063 auctore
2117 2000 2259 2079 Vip-

332 2089 498 2141 stano
545 2079 820 2152 Messala,
870 2084 1109 2141 tradam.
1194 2083 1385 2144 Julius
1428 2083 1789 2155 Mansuetus,
1839 2105 1911 2143 ex
1967 2084 2261 2161 Hispania,

334 2161 559 2237 Rapaci
586 2162 798 2239 legioni
844 2162 1088 2234 additus,
1129 2165 1409 2243 inpubem
1452 2166 1631 2225 filium
1681 2166 1835 2225 (lomi
1878 2167 2162 2244 liquerat:
2211 2170 2257 2227 is

279 2310 286 2315 p
331 2260 466 2301 mox
490 2242 737 2313 adultus,
761 2243 914 2302 inter
942 2247 1294 2322 septimanos
1323 2268 1355 2304 a
1381 2248 1569 2305 Galba
1594 2247 1981 2324 conscriptu5‚
2011 2247 2258 2307 oblatum

334 2322 485 2382 forte
514 2331 739 2401 patrem
784 2331 844 2382 et
886 2320 1131 2383 vulnere
1160 2333 1422 2399 stratum,
1448 2330 1583 2383 dum
1621 2326 2014 2386 semianimem
2042 2339 2257 2388 scruta-

332 2409 449 2474 tur,
480 2406 699 2479 agnitus
728 2421 1157 2478 agnoscensque
1187 2412 1250 2461 et
1275 2424 1596 2480 exanguem
1635 2408 1956 2482 amplexus,
1981 2427 2127 2466 voce
2156 2411 2256 2469 fle·

332 2484 437 2541 bili
464 2484 816 2560 precabatur
845 2489 859 2515 ‘
885 2481 1070 2561 piatos
1091 2483 1273 2559 patris
1301 2483 1527 2555 ManeS,
1551 2504 1702 2544 neve
1731 2506 1795 2546 se
1826 2498 1889 2546 ut
1915 2489 2259 2566 parricidam

335 2571 351 2598 ‘
383 2570 835 2639 aversarentur:
915 2562 1213 2638 publicum
1257 2564 1314 2621 id
1372 2564 1631 2639 facinus:
1690 2575 1751 2627 et
1793 2588 1969 2627 unum
2019 2570 2256 2632 militem

338 2650 355 2676 ‘
386 2649 617 2718 quotam
651 2640 913 2699 civilium
957 2661 1248 2704 armorum
1282 2653 1507 2721 partem
1533 2646 1577 2705 ‘2’
1622 2646 1792 2705 simul
1821 2648 2103 2708 adtollere
2132 2672 2257 2712 cor-

378 2739 464 2788 us,
488 2722 720 2795 aperire
759 2719 1017 2792 humum,
1045 2741 1324 2800 supremo
1352 2745 1489 2802 erga
1525 2734 1829 2802 parentem
1868 2729 2057 2789 officio
2085 2729 2256 2809 fungi.

335 2740 668 2858 {dvertere
689 2800 965 2876 proximi,
995 2802 1204 2863 deinde
1231 2805 1436 2880 plures
1460 2827 1474 2863 :
1520 2805 1795 2884 hincper
1822 2828 2051 2868 omnem
2081 2816 2257 2873 aciem
2342 2810 2354 2823 ⁴

335 2879 677 2941 miraculum
697 2886 759 2938 et
786 2888 1025 2957 questus
1047 2889 1108 2940 et
1133 2878 1439 2944 saevissimi
1466 2887 1608 2944 belli
1638 2891 1964 2949 exsecratio
1993 2911 2008 2949 z
2055 2914 2163 2954 nec
2191 2913 2258 2953 eo

287 2971 294 2975 ’
335 2959 565 3036 segnius
588 2960 969 3039 propinquos,
999 2961 1238 3034 adfinm,
1262 2963 1470 3025 fratres
1500 2968 1810 3029 trucidatos
1839 2968 1935 3050 (n)
1975 2975 2254 3047 spoliant:

333 3039 548 3100 factum
569 3059 699 3123 esse
722 3043 914 3103 scelus
941 3044 1261 3123 loquuntur
1286 3046 1637 3126 faciuntque.

425 3120 647 3183 XXVI.
714 3121 795 3182 Ut
846 3122 1197 3184 Cremonam
1265 3147 1512 3200 venere,
1567 3148 1781 3189 novum
1830 3131 2259 3207 inmensumque

334 3219 481 3280 opus
510 3204 784 3264 occurrit.
869 3205 1198 3266 Othoniano
1225 3209 1410 3280 bello,
1438 3209 1818 3268 Germanicus
1851 3209 2019 3267 miles
2060 3213 2258 3270 moeni·
2346 3242 2351 3253 ·

402 3362 424 3410 1
460 3357 801 3423 Ignominiam
819 3370 1206 3428 consumpsistis.
1275 3368 1392 3417 You
1414 3382 1509 3416 can
1543 3368 1743 3416 receive
1765 3384 1828 3417 no
1864 3374 2066 3432 greater
2100 3371 2256 3421 disho-
2350 3414 2353 3425 ι

335 3424 935 3547 ἓὲιζδὴὲηῗὲῖξίῗῖ
943 3443 1057 3540 ‘you
1078 3431 1210 3480 have
1233 3434 1443 3497 already
1450 3433 1691 3491 received
1710 3434 1838 3483 from
1852 3435 2101 3486 Vitellius.
2165 3438 2254 3488 See
2348 3432 2353 3495 Ξ

257 3593 276 3599 r
402 3568 454 3603 m
484 3553 602 3602 The
624 3560 822 3602 eastern
841 3556 1032 3605 natium
1047 3560 1367 3624 worshipped
1402 3565 1490 3613 the
1512 3563 1665 3627 rising
1684 3579 1793 3614 sun.
1860 3569 1981 3617 The
2005 3569 2255 3621 Parthiam

339 3633 428 3681 are
442 3617 703 3667 deoeribed
718 3618 771 3666 in
790 3621 902 3670 that
918 3626 999 3672 act
1013 3621 1071 3671 of
1080 3623 1318 3675 devotion
1332 3629 1405 3690 by
1424 3629 1700 3687 Herodian,
1713 3631 1849 3681 book
1869 3634 1939 3680 iv.
1955 3634 2100 3698 chap.
2120 3637 2192 3692 15.

405 3700 447 3735 n
480 3683 791 3737 munta.
862 3686 1012 3738 Some
1027 3688 1193 3738 critice
1212 3691 1346 3755 have
1368 3693 1670 3744 substituted
1691 3701 1940 3753 trucidati.
