2459 4075
270 207 323 245 J.
357 208 412 245 c.
446 187 544 243 69.
671 173 676 182 ’
787 179 1117 239 HISTOR.
1170 179 1323 237 LIB.
1371 173 1757 235 TERTIUS.
2084 181 2199 235 143

270 332 381 392 niis
403 331 613 398 acerbe
642 348 760 407 per
787 328 1105 405 municipia
1129 322 1566 405 conquirendis,
1607 324 1741 401 plus
1770 322 2008 384 invidiae
2029 343 2199 404 quam

272 413 485 472 virium
510 412 772 488 partibus
795 411 1059 478 addebat.
1970 482 1980 492 ⁸

345 491 648 551 LXXVII.
695 491 936 557 Interim
963 491 1035 549 ad
1082 489 1151 547 1..
1177 488 1484 549 Vitetlium
1503 505 1713 549 servus
1734 482 2006 561 Verginii
2027 484 2207 562 Capi-

264 574 414 633 tonis
426 571 703 651 perfugit,
717 571 1125 672 pollicitusque
1134 615 1149 642 ,
1169 579 1185 605 ‘
1205 570 1256 629 si
1273 569 1611 647 presidium
1625 568 1946 642 acciperet,
1963 579 2209 626 vacuam

269 660 286 686 ‘
314 673 515 713 arcem
573 651 724 711 tradi
770 651 1076 721 futurum,'
1122 652 1301 711 multa
1344 657 1519 709 nocte
1567 649 1846 708 cohortes
1882 648 2209 725 expeditas,

266 734 506 793 summis
532 736 814 792 montium
821 732 998 809 jugis,
1025 750 1204 812 super
1222 739 1404 809 caput
1428 730 1683 791 hostfflm
1700 728 1890 789 sistit:
1935 728 2071 788 inde
2100 727 2206 787 mi-

258 814 347 874 les
369 816 439 873 ad
461 813 688 873 caedem
713 814 914 889 magis,
938 831 1107 891 quam
1124 812 1195 870 ad
1216 831 1460 890 pugnam
1477 812 1742 872 decurrit
1768 833 1782 870 ι
1829 815 2097 869 sternunt
2116 810 2204 868 in-

265 914 483 965 ermes,
503 901 598 953 aut
625 901 783 953 arm‘a
808 894 1207 971 capientes,et
1235 894 1509 971 quosdam
1532 908 1735 951 somno
1763 889 1989 951 excitos
2011 913 2028 963 3
2072 908 2208 950 cum

135 1016 144 1024 -
263 975 550 1045 tenebris,¹
572 993 820 1051 pavore,
848 974 1041 1054 sonitu
1068 974 1361 1044 tubarum,
1389 974 1646 1032 clamore
1674 971 1871 1033 hostili
1897 974 2223 1031 turbarem*

261 1063 381 1115 tur.
465 1054 645 1112 Pauci
666 1055 1043 1129 gladiatorum
1071 1054 1438 1123 resistentes,
1474 1070 1669 1129 neque
1691 1052 1859 1111 inulti
1885 1054 2161 1113 cecidere
2185 1074 2202 1109 ι

267 1135 459 1193 ceteri
488 1133 561 1192 ad
588 1145 765 1192 naves
794 1136 1061 1203 ruebant,
1089 1134 1187 1193 ubi
1215 1138 1426 1192 cuncta
1466 1136 1594 1210 pari
1620 1131 1938 1191 formidine
1966 1134 2206 1210 inplica-

272 1216 501 1283 bantur,
556 1216 860 1290 permixtis
890 1215 1145 1292 paganis,
1172 1232 1320 1290 quos
1347 1214 1510 1273 nullo
1546 1211 1881 1272 discrimine
1909 1211 2208 1282 Vitelliani

270 1294 657 1353 trucidabant.
747 1295 866 1354 Sex
892 1295 1199 1362 liburnicae
1248 1295 1407 1354 inter
1456 1294 1711 1371 primum
1736 1292 2042 1352 tumultum
2070 1312 2206 1353 eva·
2254 1309 2273 1316 ·

270 1392 430 1445 sere,
459 1375 516 1432 in
567 1374 696 1448 quis
725 1374 1051 1432 Praefectus
1079 1367 1280 1430 classis
1334 1374 1689 1449 Apollinaris
1713 1398 1728 1435 :
1776 1372 2022 1447 reliquae
2052 1374 2112 1430 in
2140 1375 2209 1432 li-

262 1460 394 1512 tore
415 1453 624 1527 captae,
664 1457 759 1511 aut
786 1451 964 1509 nimio
992 1450 1286 1510 ruentium
1314 1469 1499 1511 onere
1526 1467 1759 1527 pressas
1782 1468 1944 1508 mare
1989 1451 2199 1514 hausit.

149 1595 170 1602 ,
263 1531 530 1590 Julianus
567 1532 637 1589 ad
664 1529 732 1590 L.
765 1530 1067 1590 Vitellium
1087 1531 1428 1608 perductus,
1456 1539 1517 1591 et
1543 1531 1892 1592 verberibus
1939 1530 2207 1608 foedatus,

264 1615 324 1672 in
353 1631 458 1671 ore
486 1611 620 1689 ejus
630 1612 952 1689 jugulatur.
1037 1612 1261 1682 Fuere,
1291 1613 1391 1691 qui
1408 1629 1654 1672 uxorem
1682 1613 1751 1672 L.
1776 1611 2003 1671 Vitellii
2033 1614 2207 1675 Tria.

265 1693 409 1751 riam
435 1694 819 1763 incesserent,
842 1700 1132 1771 tamquam
1151 1700 1176 1727 ¹
1206 1692 1397 1769 gladio
1416 1693 1653 1753 militari
1673 1695 1885 1764 cincta,
1903 1694 2061 1753 inter
2078 1695 2203 1756 luc·

268 1779 425 1832 ‘tum
451 1774 765 1852 cladesque
813 1779 1157 1850 expugnate
1207 1771 1575 1844 Tarracinae,
1623 1775 1882 1852 superbe
1925 1793 2205 1855 saeveque

264 1859 282 1888 ⁸
307 1853 563 1929 egisset.’
648 1855 786 1932 Ipse
811 1856 1073 1914 lauream
1097 1862 1282 1931 gestae
1309 1872 1600 1933 prospere
1628 1855 1720 1914 rei
1749 1853 1844 1936 (k)
1870 1855 1940 1914 ad
1960 1855 2203 1919 fratrem

268 1934 453 1994 misite
500 1940 936 2011 percunctatus,
977 1941 993 1969 ⁶
1025 1935 1218 1994 statim
1262 1935 1497 2013 regredi
1535 1953 1626 2008 se,
1683 1956 1754 1996 an
1791 1936 2207 2013 perdomandae

272 2021 289 2048 ⁸
315 2014 650 2092 Campaniae
683 2013 955 2075 insistere
983 2013 1273 2091 juberet?
1373 2016 1548 2089 Quod
1587 2018 1840 2077 salutare
1870 2036 1990 2076 non
2033 2002 2205 2080 modo

95 2163 110 2177 ‚
216 2164 222 2173 q
265 2097 531 2172 partibus
555 2124 558 2129 ·
578 2095 948 2173 Vespasiani,
996 2094 1100 2152 sed
1127 2094 1501 2171 Reipublicae
1547 2093 1689 2156 suit:
1734 2114 1888 2166 nam,
1916 2099 1965 2156 si
1994 2117 2206 2159 recens

263 2175 514 2234 fictoris
550 2175 743 2247 miles,
746 2200 771 2254 g,
792 2183 873 2245 et,
902 2190 1087 2249 super
1110 2174 1339 2233 insitam
1364 2175 1778 2252 pervicaciam,
1822 2177 2090 2236 secundis
2117 2177 2202 2239 fe-

268 2273 402 2326 rox,
425 2255 671 2314 Romam
691 2253 1124 2328 contendisset3
1167 2255 1320 2315 haud
1346 2260 1534 2333 parva
1562 2258 1715 2316 mole
1744 2262 2052 2328 certatum,
2094 2278 2207 2320 nec

266 2336 395 2395 sine
414 2335 594 2395 exitio
621 2337 804 2408 urbis,
824 2335 1015 2395 soret:
1062 2335 1286 2414 quippe
1307 2335 1375 2395 L.
1397 2335 1666 2410 Vitellio,
1696 2339 1958 2416 quamvis
1984 2337 2202 2413 infami,

264 2416 456 2476 inerat
490 2415 809 2477 industriaz
852 2434 966 2476 nec
1003 2416 1338 2489 virtutibus,
1381 2424 1448 2478 ut
1485 2418 1648 2489 boni,
1695 2417 1823 2490 sed,
1865 2436 1985 2497 quo
2030 2420 2203 2480 modo

269 2497 554 2575 pessimus
582 2497 848 2576 quisque,
870 2496 1026 2556 vitiis
1052 2497 1300 2559 valebat.

349 2576 686 2637 LXXVIII.
732 2578 892 2637 Duin
927 2577 1057 2636 haec
1099 2577 1158 2637 in
1192 2578 1454 2657 partibus
1499 2578 1728 2638 Vitellii
1766 2590 2071 2656 geruntur,
2119 2572 2205 2643 di·

268 2675 503 2733 gressus
542 2656 765 2719 Narnia
806 2658 1153 2736 Vespasiani
1197 2660 1515 2732 exercitus,
1577 2659 1756 2720 festos
1805 2663 2035 2722 Saturni
2081 2664 2206 2725 dies
2263 2684 2267 2689 ’

269 2737 535 2800 Ocriculi
585 2739 665 2821 (l)
695 2750 810 2819 per
835 2740 1017 2798 otium
1043 2740 1308 2816 agitabat.
1394 2739 1614 2800 Caussa
1623 2741 1746 2819 jau)
1769 2762 1969 2820 pravae
2000 2764 2203 2818 moras,

267 2825 328 2875 ut
362 2818 693 2879 M‘ueianum
745 2821 1185 2898 opperirentur.
1273 2820 1405 2881 Nec
1445 2821 1717 2894 defuere,
1762 2824 1860 2902 qui
1885 2825 2201 2887 Antonium

268 2898 693 2974 suspicionibus
714 2906 1043 2977 arguerent,
1081 2908 1370 2980 tamquam
1411 2905 1431 2938 ⁴
1473 2903 1609 2963 dolo
1639 2912 2033 2978 cunctantem,
2071 2918 2205 2984 post

271 2984 286 3009 ⁶
314 2985 576 3037 secretas
604 2980 831 3040 Vitellii
874 2982 1176 3060 epistolas,
1222 2982 1434 3060 quibus
1461 2983 1842 3043 Consulatum
1861 2991 1922 3043 et
1947 2987 2205 3047 nobilem

269 3062 285 3089 ‘
317 3058 495 3118 filiam
548 3066 609 3118 et
651 3061 872 3122 dotales
942 3070 1110 3140 opes,
1165 3063 1422 3140 pretium
1475 3063 1842 3140 proditionis,
1896 3064 2208 3126 offerebat.-

265 3144 282 3172 ‘
310 3140 445 3209 Alii,
476 3140 611 3200 ficta
626 3141 756 3202 haec
783 3151 847 3201 et
871 3143 930 3200 in
945 3143 1186 3218 gratiam
1207 3142 1465 3203 Muciani
1485 3143 1850 3220 composita?
1933 3145 2200 3221 Quidam,

268 3225 284 3252 ‘
316 3220 571 3281 omnium
592 3222 653 3282 id
681 3222 916 3283 Ducum
941 3223 1248 3283 consilium
1275 3221 1479 3294 finisse,
1520 3230 1818 3284 ostentare
1845 3225 2041 3303 potius
2064 3230 2202 3288 urbi

266 3305 282 3333 ⁴
306 3298 550 3372 bellum,
572 3323 743 3382 quam
769 3302 1026 3364 inferret
1074 3304 1304 3384 quando
1342 3303 1714 3364 validissimas
1740 3305 2018 3369 cohortes
2040 3328 2074 3368 a
2100 3309 2203 3369 Vi-

333 3531 366 3582 k
397 3529 653 3581 Lam-eam
669 3539 814 3595 gesto
843 3536 1076 3598 prospere
1096 3538 1187 3586 mi.
1251 3533 1302 3586 lt
1316 3540 1424 3584 'sves
1454 3532 1746 3600 customary
1786 3541 1841 3587 to
1876 3552 2132 3587 announce
2170 3555 2203 3588 a

269 3594 469 3660 victory
483 3601 538 3646 to
553 3597 641 3646 the
655 3601 825 3647 senate
852 3614 910 3648 or
929 3599 1018 3647 the
1047 3614 1280 3664 emperor
1294 3602 1346 3650 in
1387 3617 1419 3650 a
1445 3602 1599 3653 letter
1617 3602 1790 3652 bound
1810 3602 1938 3652 with
1952 3604 2135 3651 laur-el.

333 3664 353 3712 1
384 3662 698 3721 Ocriculum,
718 3678 749 3712 a
769 3669 906 3714 town
926 3664 985 3715 of
997 3664 1227 3726 Umbria,
1247 3682 1371 3717 near
1388 3668 1476 3717 the
1490 3668 1779 3717 confluence
1795 3668 1853 3718 of
1863 3669 1950 3716 the
1971 3669 2082 3718 Nar
2101 3664 2201 3721 md

266 3725 355 3785 the
371 3729 565 3789 Tiber:
598 3744 713 3785 now
737 3730 972 3792 Otricoli,
997 3731 1053 3782 in
1071 3733 1160 3783 the
1181 3734 1353 3797 duchy
1373 3734 1431 3784 of
1444 3735 1683 3798 Spoletto.
