2459 4075
208 182 327 242 294
385 259 390 262 ,
806 184 878 243 c,
923 182 1169 243 coms.
1217 182 1537 242 'rison-1.
1721 203 1779 242 A.
1811 201 1872 241 u.
1903 145 1958 241 ε’.
1992 160 2136 241 8'50.

206 346 397 407 prope
423 331 783 393 -universam
811 334 1176 392 obtriverat:
1223 341 1414 409 eoque
1460 329 1625 390 initio
1654 335 1856 388 erecta
1896 327 2137 406 provin-

209 412 333 483 cia3
379 420 460 483 et,
484 413 692 488 quibus
718 415 939 472 bellum
960 412 1295 472 volentibus
1317 418 1465 481 erat,
1494 412 1754 488 probare
1773 411 2135 487 exemplum,

210 499 307 549 aut
368 493 622 553 recentis
675 493 875 571 Legati
921 495 1176 554 animum
1230 492 1517 569 opperiri.
1632 492 1791 549 Tum
1841 489 2136 567 Agricola,

212 587 556 650 quamquam
580 582 870 634 transacta
897 585 1089 644 aestas,
1109 575 1298 650 sparsi
1325 589 1438 650 per
1477 571 1840 649 provinciam
1881 570 2137 641 numeri,

185 653 571 731 'praesumpta
596 657 749 733 apud
776 657 1019 715 militem
1047 656 1203 713 illius
1230 656 1362 713 anni
1392 655 1578 731 quies,
1626 653 1793 710 tarda
1822 660 1883 710 et
1909 660 2141 710 contra-

213 732 304 794 ria
326 735 546 793 bellum
574 735 939 806 inchoaturo,
973 743 1039 794 et
1084 735 1389 812 plerisque
1427 732 1706 792 custodiri
1734 740 2009 809 suspecta
2028 751 2138 809 po-

209 816 324 874 tius
353 814 677 885 videbatur,
706 818 797 875 ire
825 818 1054 876 obviam
1083 815 1403 874 discrimini
1432 814 1662 876 statuit:
1708 813 2141 890 contractisque

213 893 505 969 legionum
549 898 777 956 vexillis
842 906 904 957 et
961 898 1194 956 modica
1242 896 1586 955 auxiliorum
1639 913 1830 965 manu,
1880 893 2020 971 quia
2080 892 2144 951 in

215 994 451 1053 aequum
470 973 710 1052 degredi
733 977 1062 1037 Ordovices
1091 997 1205 1039 non
1249 977 1553 1046 audebant,
1582 975 1717 1052 ipse
1733 988 1865 1034 ante
1912 993 2144 1050 agmen,

214 1074 330 1131 quo
378 1056 595 1116 ceteris
621 1078 731 1136 par
752 1060 973 1118 animus
1000 1058 1173 1118 simili
1202 1057 1475 1136 periculo
1496 1063 1674 1126 esset,
1696 1054 2102 1114 erexiteciem
2126 1077 2140 1112 z

214 1154 485 1213 caesaque
519 1157 713 1217 prope
743 1141 1018 1198 universa
1053 1147 1252 1216 gente,
1275 1158 1388 1197 non
1421 1136 1673 1213 ignarus,
1711 1136 2033 1195 instandum
2061 1134 2144 1192 sa-

215 1234 350 1286 maes
374 1236 464 1288 ac,
493 1228 664 1294 prout
689 1219 880 1298 prima
897 1221 1205 1290 cesissent,
1251 1219 1379 1278 sore
1404 1217 1699 1287 universa,
1723 1217 1958 1275 Monam
1986 1215 2146 1273 insu-

215 1295 353 1367 lam,
377 1295 496 1376 (m)
518 1300 682 1379 cujus
709 1295 1080 1379 possessione
1104 1307 1441 1361 revocatum
1470 1297 1788 1357 Paullinum
1818 1295 2151 1358 rebellione

214 1378 387 1437 totius
426 1378 767 1452 Bri-tanniae,
796 1401 966 1458 supra
1006 1381 1350 1451 memoravi,
1396 1379 1671 1456 redigere
1698 1378 1757 1435 in
1794 1383 2145 1456 potestatem

215 1456 410 1517 animo
431 1459 696 1536 intendit.
784 1463 921 1530 Sed,
951 1469 1013 1521 ut
1039 1464 1096 1521 in
1123 1462 1312 1522 dubiis
1334 1460 1617 1527 consiliis,
1656 1477 1834 1517 naves
1862 1458 2145 1516 deerant:

218 1538 365 1599 ratio
407 1547 470 1597 et
514 1541 838 1601 constantia
881 1542 1058 1601 Ducis
1101 1540 1442 1601 transvexit.
1542 1539 1841 1616 Depositis
1879 1537 2149 1597 omnibus

216 1618 483 1689 sarcinis,
519 1621 867 1698 lectissimos
897 1622 1279 1691 auxiliarium,
1323 1620 1531 1698 quibus
1579 1626 1716 1678 nota
1741 1619 1909 1689 vada,
1958 1624 2020 1676 et
2046 1637 2150 1695 pa·

218 1696 361 1758 ttius
403 1697 574 1759 nandi
614 1719 772 1772 usus,
823 1719 943 1778 quo
986 1700 1156 1760 simul
1192 1719 1378 1778 seque
1428 1707 1490 1760 et
1530 1719 1689 1758 arma
1731 1707 1793 1759 et
1829 1718 2016 1776 ,equos
2061 1704 2157 1757 re·

210 1785 376 1853 gunt,
439 1780 520 1840 ita
585 1787 835 1858 repente
883 1781 1123 1852 inmisit,
1184 1787 1247 1842 ut
1314 1779 1702 1858 obstupefacti
1756 1781 1978 1849 hostes,
2041 1780 2146 1857 qui

219 1860 487 1931 classem,
533 1861 631 1937 qui
665 1879 869 1933 naves,
920 1861 1017 1940 qui
1048 1881 1208 1922 mare
1258 1855 1697 1940 exspectabant,
1725 1860 1870 1919 nihil
1912 1860 2155 1919 arduum

221 1946 317 1998 aut
367 1941 651 2000 invictum
680 1942 1039 2002 crediderint
1078 1942 1163 2012 sic
1205 1942 1276 2001 ad
1324 1944 1544 2002 bellum
1591 1940 1984 2001 venientibus.
2066 1940 2159 1998 Ita

219 2020 402 2097 petita
428 2040 599 2100 pace,
627 2042 695 2082 ac
715 2022 910 2083 dedita
935 2023 1143 2095 insula,
1174 2024 1363 2083 clarus
1385 2042 1451 2082 ac
1475 2042 1710 2099 magnus
1740 2013 1950 2080 haberi
1978 2019 2150 2097 Agri-

221 2100 388 2161 cola:
436 2103 655 2182 quippe
678 2103 773 2164 cui
817 2104 1164 2182 ingredienti
1186 2103 1572 2182 provinciam,
1603 2103 1758 2181 quod
1794 2109 2024 2180 tempus
2053 2101 2156 2160 alii

220 2200 335 2263 per
360 2186 830 2261 ostentationem,
867 2192 964 2245 aut
989 2185 1312 2245 officiorum
1341 2183 1651 2254 ambitum,
1695 2182 2039 2258 transigunt,
2066 2183 2156 2240 la-

221 2264 333 2321 bor
361 2271 423 2323 et
468 2266 797 2341 periculum
832 2265 1169 2343 placuisset.
1255 2264 1388 2323 Nec
1429 2262 1724 2352 Agricola.
1754 2263 2154 2340 prosperitate

224 2361 427 2403 rerum
442 2343 502 2403 in
521 2346 833 2404 vanitatem
861 2362 1018 2417 usus,
1042 2345 1477 2423 expeditionem
1522 2351 1618 2403 aut
1643 2343 1948 2404 victoriam
1975 2361 2153 2401 voca-

225 2424 344 2489 bat,
366 2425 554 2486 victos
596 2424 952 2487 continuisse
981 2450 1022 2486 τε
1043 2446 1117 2486 ne
1139 2425 1415 2485 laureatis
1442 2420 1541 2504 (n)
1564 2424 1795 2502 quidem
1820 2430 1983 2500 gesta
2014 2440 2154 2500 pro-

225 2511 460 2575 secutus
503 2514 626 2566 est:
673 2506 780 2565 sed
827 2507 956 2584 ipsa
996 2506 1451 2566 dissimulatione
1505 2504 1671 2565 famae
1717 2506 1926 2563 famam
1970 2503 2156 2575 auxit,

225 2583 661 2657 aestimantibus,
685 2596 893 2662 quanta
911 2586 1089 2647 futuri
1110 2607 1219 2665 spe
1247 2593 1362 2646 tam
1389 2605 1595 2662 magna
1619 2585 1910 2644 tacuisset.

305 2662 471 2727 XIX.
517 2666 1152 2747 Caerummimomm
1192 2666 1516 2745 provinciae
1565 2666 1847 2745 prudens,
1870 2663 2175 2739 simulque

223 2743 427 2803 doctus
459 2764 574 2821 per
608 2746 797 2805 aliena
826 2748 1253 2825 experimenta,
1283 2765 1488 2822 parum
1515 2746 1726 2822 profici
1755 2742 1950 2815 armis,
1978 2743 2028 2802 si
2065 2743 2153 2801 in·

213 2823 393 2899 juriae
421 2834 832 2901 sequerentur,
861 2847 1087 2887 caussas
1135 2827 1429 2885 bellorum
1469 2826 1663 2886 statuit
1686 2866 1703 2869 α
1716 2824 2015 2901 excidere.
2103 2824 2156 2880 A
2202 2880 2213 2887 .

222 2921 289 2983 se
344 2903 579 2981 suisque
628 2923 818 2976 orsus,
862 2906 1110 2984 primam
1146 2907 1383 2965 domum
1433 2925 1596 2967 suam
1642 2906 1953 2978 coercuit3
1994 2903 2159 2983 >quod

213 2984 522 3065 ¹plerisque
545 2985 700 3045 haud
727 2987 911 3047 minus
939 2987 1174 3047 arduum
1197 2994 1309 3057 est,
1339 3008 1508 3065 quam
1536 2988 1901 3063 provinciam
1920 3004 2157 3062 regere.

224 3068 420 3144 Agere
460 3066 607 3127 nihil
653 3086 766 3146 per
811 3070 1055 3129 libertos
1083 3087 1407 3147 servosque
1437 3069 1685 3146 publicae
1727 3067 1854 3128 rei:
1901 3086 2017 3126 non
2043 3073 2167 3125 stu-

293 3279 342 3312 m
376 3263 645 3313 Suetonius
666 3263 907 3315 Paulinus
925 3264 1031 3315 had
1049 3266 1337 3328 conquered
1371 3266 1649 3329 Angles053
1682 3264 1780 3313 but
1799 3258 1887 3310 the
1908 3261 2160 3309 insurrec-

228 3329 333 3378 tion
354 3326 413 3374 of
418 3329 507 3377 the
530 3330 746 3389 Britons,
763 3333 924 3381 under
945 3332 1215 3389 Boedieea,
1235 3332 1323 3380 did
1343 3337 1429 3380 not
1448 3333 1595 3380 leave
1622 3330 1733 3378 him
1753 3327 1877 3379 time
1906 3333 1959 3376 to
1981 3340 2162 3374 secure

227 3408 507 3458 possession.
576 3398 692 3447 The
711 3398 932 3448 invasion
947 3398 1020 3461 by
1036 3398 1304 3447 Suetonius
1319 3412 1424 3446 was
1436 3403 1703 3449 seventeen
1716 3410 1866 3458 years
1877 3393 2052 3442 before
2064 3392 2163 3440 the

226 3461 349 3512 final
363 3459 624 3508 reduction
644 3463 703 3510 of
713 3463 801 3512 the
816 3466 960 3526 plaee
976 3465 1137 3513 under
1150 3466 1241 3513 the
1260 3465 1478 3514 conduct
1497 3465 1556 3513 of
1569 3461 1821 3527 Agricola.
1874 3513 1880 3518 ,

293 3545 335 3578 n
367 3525 485 3576 The
503 3526 642 3573 elder
655 3527 803 3591 Pliny
814 3531 935 3579 calls
950 3530 1039 3579 the
1059 3530 1223 3580 laurei
1240 3532 1328 3580 the
1351 3545 1632 3594 messenger
1648 3526 1706 3578 of
1711 3530 1804 3590 joy
1816 3527 1916 3576 and
1937 3522 2159 3586 victory,

228 3593 381 3657 being
400 3591 589 3653 always
628 3591 811 3641 affixed
843 3595 916 3656 by
935 3596 1023 3642 the
1047 3596 1245 3644 Roman
1273 3597 1500 3661 generals
1521 3602 1578 3645 to*
1609 3595 1743 3644 their
1778 3596 1954 3643 letters
1970 3590 2030 3639 of
2053 3589 2159 3638 dis-

228 3661 382 3717 pateh
402 3655 531 3706 after
549 3670 748 3705 sueoess
773 3659 965 3723 aganist
984 3660 1072 3707 the
1094 3676 1292 3724 enemy,
1313 3663 1411 3710 and
1433 3663 1538 3713 also
1567 3668 1621 3713 to
1653 3663 1741 3713 the
1763 3674 1933 3725 spears
1954 3654 2055 3708 and
2070 3656 2163 3718 5⁸⁴

232 3723 390 3774 velius
407 3722 464 3773 of
470 3724 557 3773 the
578 3721 799 3787 soldiers.
867 3723 1034 3793 Pliny,
1043 3725 1136 3777 lib.
1159 3741 1250 3780 xv.
1272 3744 1312 3779 s.
1333 3729 1418 3783 30.
