<?xml version="1.0" encoding="UTF-8"?>
<!DOCTYPE html PUBLIC "-//W3C//DTD XHTML 1.0 Transitional//EN"
    "http://www.w3.org/TR/xhtml1/DTD/xhtml1-transitional.dtd">
<html xmlns="http://www.w3.org/1999/xhtml" xml:lang="en" lang="en">
 <head>
  <title>
</title>
<meta http-equiv="Content-Type" content="text/html;charset=utf-8" />
  <meta name='ocr-system' content='tesseract 3.04.00' />
  <meta name='ocr-capabilities' content='ocr_page ocr_carea ocr_par ocr_line ocrx_word'/>
</head>
<body>
  <div class='ocr_page' id='page_1' title='image "./fivebookshistor00willgoog_0209.png"; bbox 0 0 2459 4075; ppageno 0'>
   <div class='ocr_carea' id='block_1_1' title="bbox 303 149 2219 227">
    <p class='ocr_par' dir='ltr' id='par_1_1' title="bbox 303 149 2219 227">
     <span class='ocr_line' id='line_1_1' title="bbox 303 149 2219 227; baseline 0.002 -18"><span class='ocrx_word' id='word_1_1' title='bbox 303 170 355 209; x_wconf 70' lang='lat' dir='ltr'>J.</span> <span class='ocrx_word' id='word_1_2' title='bbox 387 172 443 211; x_wconf 88' lang='lat' dir='ltr'>c.</span> <span class='ocrx_word' id='word_1_3' title='bbox 477 157 575 213; x_wconf 83' lang='lat'>70.</span> <span class='ocrx_word' id='word_1_4' title='bbox 783 152 1111 212; x_wconf 78' lang='lat' dir='ltr'>HlsToR.</span> <span class='ocrx_word' id='word_1_5' title='bbox 1161 154 1314 214; x_wconf 88' lang='lat' dir='ltr'>LlB.</span> <span class='ocrx_word' id='word_1_6' title='bbox 1359 149 1762 227; x_wconf 70' lang='lat' dir='ltr'>QUARTUS.</span> <span class='ocrx_word' id='word_1_7' title='bbox 1873 183 1880 192; x_wconf 69' lang='lat'><em>,</em></span> <span class='ocrx_word' id='word_1_8' title='bbox 2110 156 2219 216; x_wconf 80' lang='lat'>197</span> 
     </span>
    </p>
   </div>
   <div class='ocr_carea' id='block_1_2' title="bbox 254 297 2226 3178">
    <p class='ocr_par' dir='ltr' id='par_1_2' title="bbox 300 297 2225 1017">
     <span class='ocr_line' id='line_1_2' title="bbox 302 297 2223 382; baseline 0.003 -28"><span class='ocrx_word' id='word_1_9' title='bbox 302 305 637 358; x_wconf 79' lang='lat' dir='ltr'>cumventas</span> <span class='ocrx_word' id='word_1_10' title='bbox 650 300 866 382; x_wconf 71' lang='lat' dir='ltr'>aquilas</span> <span class='ocrx_word' id='word_1_11' title='bbox 876 300 1057 361; x_wconf 77' lang='lat' dir='ltr'>videt.</span> <span class='ocrx_word' id='word_1_12' title='bbox 1127 299 1518 369; x_wconf 81' lang='lat' dir='ltr'>Incensnsira‚</span> <span class='ocrx_word' id='word_1_13' title='bbox 1541 308 1558 335; x_wconf 80' lang='lat'><strong>⁴</strong></span> <span class='ocrx_word' id='word_1_14' title='bbox 1573 320 1687 360; x_wconf 85' lang='lat' dir='ltr'>non</span> <span class='ocrx_word' id='word_1_15' title='bbox 1704 297 2000 360; x_wconf 80' lang='lat' dir='ltr'>Flaccum’</span> <span class='ocrx_word' id='word_1_16' title='bbox 2018 298 2223 378; x_wconf 71' lang='lat' dir='ltr'>inquit,</span> 
     </span>
     <span class='ocr_line' id='line_1_3' title="bbox 303 377 2223 459; baseline 0.002 -24"><span class='ocrx_word' id='word_1_17' title='bbox 303 383 454 436; x_wconf 80' lang='lat' dir='ltr'>‘non</span> <span class='ocrx_word' id='word_1_18' title='bbox 473 377 751 437; x_wconf 83' lang='lat' dir='ltr'><strong>Voculam</strong></span> <span class='ocrx_word' id='word_1_19' title='bbox 767 380 1056 441; x_wconf 82' lang='lat' dir='ltr'>deseritis.</span> <span class='ocrx_word' id='word_1_20' title='bbox 1108 378 1285 440; x_wconf 87' lang='lat' dir='ltr'>Nulla</span> <span class='ocrx_word' id='word_1_21' title='bbox 1299 380 1396 439; x_wconf 88' lang='lat' dir='ltr'>hic</span> <span class='ocrx_word' id='word_1_22' title='bbox 1408 381 1662 457; x_wconf 85' lang='lat' dir='ltr'>proditio</span> <span class='ocrx_word' id='word_1_23' title='bbox 1688 402 1703 439; x_wconf 72' lang='grc' dir='ltr'><strong>ε</strong></span> <span class='ocrx_word' id='word_1_24' title='bbox 1747 398 1943 459; x_wconf 85' lang='lat' dir='ltr'>neque</span> <span class='ocrx_word' id='word_1_25' title='bbox 1955 380 2109 439; x_wconf 75' lang='lat' dir='ltr'>uliud</span> <span class='ocrx_word' id='word_1_26' title='bbox 2119 398 2223 439; x_wconf 84' lang='lat' dir='ltr'>ex-</span> 
     </span>
     <span class='ocr_line' id='line_1_4' title="bbox 302 458 2224 542; baseline 0.002 -27"><span class='ocrx_word' id='word_1_27' title='bbox 302 464 317 489; x_wconf 89' lang='lat'>‘</span> <span class='ocrx_word' id='word_1_28' title='bbox 332 458 638 517; x_wconf 82' lang='lat' dir='ltr'>cusandum</span> <span class='ocrx_word' id='word_1_29' title='bbox 657 459 871 529; x_wconf 78' lang='lat' dir='ltr'>habeo,</span> <span class='ocrx_word' id='word_1_30' title='bbox 890 479 1063 539; x_wconf 88' lang='lat' dir='ltr'>quam</span> <span class='ocrx_word' id='word_1_31' title='bbox 1076 461 1233 539; x_wconf 81' lang='lat' dir='ltr'>quod</span> <span class='ocrx_word' id='word_1_32' title='bbox 1247 480 1378 531; x_wconf 78' lang='lat' dir='ltr'>vos,</span> <span class='ocrx_word' id='word_1_33' title='bbox 1394 460 1606 519; x_wconf 83' lang='lat' dir='ltr'>Gallici</span> <span class='ocrx_word' id='word_1_34' title='bbox 1623 460 1860 521; x_wconf 85' lang='lat' dir='ltr'>foederis</span> <span class='ocrx_word' id='word_1_35' title='bbox 1877 459 2108 531; x_wconf 90' lang='lat' dir='ltr'>oblitos,</span> <span class='ocrx_word' id='word_1_36' title='bbox 2128 478 2224 542; x_wconf 82' lang='lat' dir='ltr'>re-</span> 
     </span>
     <span class='ocr_line' id='line_1_5' title="bbox 301 536 2223 611; baseline 0.002 -16"><span class='ocrx_word' id='word_1_37' title='bbox 301 543 319 570; x_wconf 80' lang='grc'><em>·</em></span> <span class='ocrx_word' id='word_1_38' title='bbox 335 536 487 596; x_wconf 85' lang='lat' dir='ltr'>disse</span> <span class='ocrx_word' id='word_1_39' title='bbox 502 539 563 597; x_wconf 90' lang='lat' dir='ltr'>in</span> <span class='ocrx_word' id='word_1_40' title='bbox 577 540 913 600; x_wconf 78' lang='lat' dir='ltr'>memoriam</span> <span class='ocrx_word' id='word_1_41' title='bbox 926 539 1170 599; x_wconf 82' lang='lat' dir='ltr'>Romani</span> <span class='ocrx_word' id='word_1_42' title='bbox 1187 542 1555 611; x_wconf 86' lang='lat' dir='ltr'>sacramenti,</span> <span class='ocrx_word' id='word_1_43' title='bbox 1568 547 1794 599; x_wconf 87' lang='lat' dir='ltr'>temere</span> <span class='ocrx_word' id='word_1_44' title='bbox 1807 539 2050 600; x_wconf 86' lang='lat' dir='ltr'>credidi.</span> <span class='ocrx_word' id='word_1_45' title='bbox 2107 538 2223 599; x_wconf 82' lang='lat' dir='ltr'>Ad-</span> 
     </span>
     <span class='ocr_line' id='line_1_6' title="bbox 301 617 2224 713; baseline 0.003 -38"><span class='ocrx_word' id='word_1_46' title='bbox 301 625 318 650; x_wconf 79' lang='grc'><em>·</em></span> <span class='ocrx_word' id='word_1_47' title='bbox 341 620 690 678; x_wconf 71' lang='lat' dir='ltr'>numerabor</span> <span class='ocrx_word' id='word_1_48' title='bbox 706 617 985 678; x_wconf 73' lang='lat' dir='ltr'>Numisiis</span> <span class='ocrx_word' id='word_1_49' title='bbox 999 628 1061 680; x_wconf 88' lang='lat' dir='ltr'>et</span> <span class='ocrx_word' id='word_1_50' title='bbox 1075 619 1391 680; x_wconf 84' lang='lat' dir='ltr'>Herenniis</span> <span class='ocrx_word' id='word_1_51' title='bbox 1414 643 1429 680; x_wconf 70' lang='grc' dir='ltr'><strong>ε</strong></span> <span class='ocrx_word' id='word_1_52' title='bbox 1475 618 1560 713; x_wconf 73' lang='lat'>(1)</span> <span class='ocrx_word' id='word_1_53' title='bbox 1575 630 1638 681; x_wconf 87' lang='lat' dir='ltr'>ut</span> <span class='ocrx_word' id='word_1_54' title='bbox 1652 633 1853 679; x_wconf 82' lang='lat' dir='ltr'>omnes</span> <span class='ocrx_word' id='word_1_55' title='bbox 1874 620 2074 696; x_wconf 80' lang='lat' dir='ltr'>Legati</span> <span class='ocrx_word' id='word_1_56' title='bbox 2091 639 2224 680; x_wconf 84' lang='lat' dir='ltr'>ves-</span> 
     </span>
     <span class='ocr_line' id='line_1_7' title="bbox 303 697 2224 782; baseline 0.002 -26"><span class='ocrx_word' id='word_1_57' title='bbox 303 704 324 733; x_wconf 79' lang='lat'><strong>·</strong></span> <span class='ocrx_word' id='word_1_58' title='bbox 350 698 450 768; x_wconf 85' lang='lat' dir='ltr'>tri,</span> <span class='ocrx_word' id='word_1_59' title='bbox 472 706 570 758; x_wconf 84' lang='lat' dir='ltr'>aut</span> <span class='ocrx_word' id='word_1_60' title='bbox 608 697 854 757; x_wconf 87' lang='lat' dir='ltr'>militum</span> <span class='ocrx_word' id='word_1_61' title='bbox 894 701 1176 770; x_wconf 84' lang='lat' dir='ltr'>manibus,</span> <span class='ocrx_word' id='word_1_62' title='bbox 1223 708 1323 762; x_wconf 85' lang='lat' dir='ltr'>aut</span> <span class='ocrx_word' id='word_1_63' title='bbox 1363 701 1637 782; x_wconf 77' lang='lat' dir='ltr'>hostium,</span> <span class='ocrx_word' id='word_1_64' title='bbox 1683 700 2026 759; x_wconf 79' lang='lat' dir='ltr'>ceciderint.</span> <span class='ocrx_word' id='word_1_65' title='bbox 2112 700 2224 773; x_wconf 88' lang='lat' dir='ltr'>Ite,</span> 
     </span>
     <span class='ocr_line' id='line_1_8' title="bbox 306 775 2225 857; baseline 0.002 -21"><span class='ocrx_word' id='word_1_66' title='bbox 306 784 329 811; x_wconf 71' lang='lat'><strong>⁸</strong></span> <span class='ocrx_word' id='word_1_67' title='bbox 353 779 613 838; x_wconf 80' lang='lat' dir='ltr'>nuntiate</span> <span class='ocrx_word' id='word_1_68' title='bbox 633 775 1020 856; x_wconf 81' lang='lat' dir='ltr'>Vespasiano,</span> <span class='ocrx_word' id='word_1_69' title='bbox 1042 779 1163 850; x_wconf 81' lang='lat' dir='ltr'>vel,</span> <span class='ocrx_word' id='word_1_70' title='bbox 1191 781 1346 856; x_wconf 86' lang='lat' dir='ltr'>quod</span> <span class='ocrx_word' id='word_1_71' title='bbox 1362 780 1604 857; x_wconf 83' lang='lat' dir='ltr'>propius</span> <span class='ocrx_word' id='word_1_72' title='bbox 1625 788 1736 851; x_wconf 91' lang='lat' dir='ltr'>est,</span> <span class='ocrx_word' id='word_1_73' title='bbox 1765 778 1944 839; x_wconf 83' lang='lat' dir='ltr'>Civili</span> <span class='ocrx_word' id='word_1_74' title='bbox 1972 788 2035 839; x_wconf 83' lang='lat' dir='ltr'>et</span> <span class='ocrx_word' id='word_1_75' title='bbox 2059 779 2225 839; x_wconf 82' lang='lat' dir='ltr'>Clas-</span> 
     </span>
     <span class='ocr_line' id='line_1_9' title="bbox 304 857 2222 937; baseline 0 -20"><span class='ocrx_word' id='word_1_76' title='bbox 304 864 327 891; x_wconf 79' lang='lat'><strong>·</strong></span> <span class='ocrx_word' id='word_1_77' title='bbox 348 859 499 935; x_wconf 79' lang='lat' dir='ltr'>sico,</span> <span class='ocrx_word' id='word_1_78' title='bbox 533 858 803 920; x_wconf 85' lang='lat' dir='ltr'>relictum</span> <span class='ocrx_word' id='word_1_79' title='bbox 831 865 867 917; x_wconf 72' lang='lat' dir='ltr'>a</span> <span class='ocrx_word' id='word_1_80' title='bbox 904 857 1071 918; x_wconf 75' lang='lat' dir='ltr'>vobis</span> <span class='ocrx_word' id='word_1_81' title='bbox 1109 858 1173 915; x_wconf 91' lang='lat' dir='ltr'>in</span> <span class='ocrx_word' id='word_1_82' title='bbox 1197 860 1325 916; x_wconf 79' lang='lat' dir='ltr'>acie</span> <span class='ocrx_word' id='word_1_83' title='bbox 1348 860 1575 920; x_wconf 85' lang='lat' dir='ltr'>Ducem</span> <span class='ocrx_word' id='word_1_84' title='bbox 1603 882 1617 918; x_wconf 88' lang='lat'>:</span> <span class='ocrx_word' id='word_1_85' title='bbox 1662 860 1903 919; x_wconf 77' lang='lat' dir='ltr'>venient</span> <span class='ocrx_word' id='word_1_86' title='bbox 1937 859 2222 937; x_wconf 80' lang='lat' dir='ltr'>legiones,</span> 
     </span>
     <span class='ocr_line' id='line_1_10' title="bbox 300 938 2222 1017; baseline 0.001 -21"><span class='ocrx_word' id='word_1_87' title='bbox 300 943 321 970; x_wconf 74' lang='lat'><strong><em>⁴</em></strong></span> <span class='ocrx_word' id='word_1_88' title='bbox 351 957 483 1017; x_wconf 73' lang='lat' dir='ltr'>quae</span> <span class='ocrx_word' id='word_1_89' title='bbox 530 955 725 1015; x_wconf 83' lang='lat' dir='ltr'>neque</span> <span class='ocrx_word' id='word_1_90' title='bbox 750 958 847 997; x_wconf 87' lang='lat' dir='ltr'>me</span> <span class='ocrx_word' id='word_1_91' title='bbox 886 938 1153 1009; x_wconf 81' lang='lat' dir='ltr'>inultum,</span> <span class='ocrx_word' id='word_1_92' title='bbox 1178 955 1380 1015; x_wconf 83' lang='lat' dir='ltr'>neque</span> <span class='ocrx_word' id='word_1_93' title='bbox 1402 956 1510 1004; x_wconf 71' lang='lat' dir='ltr'>yos</span> <span class='ocrx_word' id='word_1_94' title='bbox 1535 938 1850 1015; x_wconf 81' lang='lat' dir='ltr'>inpunitos,</span> <span class='ocrx_word' id='word_1_95' title='bbox 1888 939 2222 1016; x_wconf 63' lang='lat' dir='ltr'>patiantur)</span> 
     </span>
    </p>

    <p class='ocr_par' dir='ltr' id='par_1_3' title="bbox 254 1015 2226 2438">
     <span class='ocr_line' id='line_1_11' title="bbox 381 1015 2225 1097; baseline 0.001 -21"><span class='ocrx_word' id='word_1_96' title='bbox 381 1016 715 1076; x_wconf 83' lang='lat' dir='ltr'>Lxxvm.</span> <span class='ocrx_word' id='word_1_97' title='bbox 762 1018 924 1079; x_wconf 86' lang='lat' dir='ltr'>Vera</span> <span class='ocrx_word' id='word_1_98' title='bbox 944 1024 1112 1077; x_wconf 80' lang='lat' dir='ltr'>erant</span> <span class='ocrx_word' id='word_1_99' title='bbox 1136 1024 1248 1076; x_wconf 87' lang='lat' dir='ltr'>eta</span> <span class='ocrx_word' id='word_1_100' title='bbox 1268 1015 1551 1077; x_wconf 78' lang='lat' dir='ltr'>Tribunis</span> <span class='ocrx_word' id='word_1_101' title='bbox 1568 1017 1991 1097; x_wconf 71' lang='lat' dir='ltr'>Praefectisque</span> <span class='ocrx_word' id='word_1_102' title='bbox 2018 1019 2225 1078; x_wconf 84' lang='lat' dir='ltr'>eadem</span> 
     </span>
     <span class='ocr_line' id='line_1_12' title="bbox 281 1096 2224 1178; baseline 0.002 -24"><span class='ocrx_word' id='word_1_103' title='bbox 281 1096 741 1172; x_wconf 59' lang='lat' dir='ltr'>ingerebantur.</span> <span class='ocrx_word' id='word_1_104' title='bbox 821 1096 1161 1158; x_wconf 80' lang='lat' dir='ltr'>consistunt</span> <span class='ocrx_word' id='word_1_105' title='bbox 1185 1113 1298 1174; x_wconf 87' lang='lat' dir='ltr'>per</span> <span class='ocrx_word' id='word_1_106' title='bbox 1324 1096 1599 1156; x_wconf 76' lang='lat' dir='ltr'>cohortes</span> <span class='ocrx_word' id='word_1_107' title='bbox 1636 1105 1698 1154; x_wconf 90' lang='lat' dir='ltr'>et</span> <span class='ocrx_word' id='word_1_108' title='bbox 1717 1099 2074 1178; x_wconf 80' lang='lat' dir='ltr'>manipulos:</span> <span class='ocrx_word' id='word_1_109' title='bbox 2118 1117 2224 1157; x_wconf 85' lang='lat' dir='ltr'>ne·-</span> 
     </span>
     <span class='ocr_line' id='line_1_13' title="bbox 301 1174 2222 1256; baseline 0.002 -24"><span class='ocrx_word' id='word_1_110' title='bbox 301 1193 420 1253; x_wconf 77' lang='lat' dir='ltr'>que</span> <span class='ocrx_word' id='word_1_111' title='bbox 447 1176 600 1234; x_wconf 87' lang='lat' dir='ltr'>enim</span> <span class='ocrx_word' id='word_1_112' title='bbox 643 1182 873 1252; x_wconf 88' lang='lat' dir='ltr'>poterat</span> <span class='ocrx_word' id='word_1_113' title='bbox 896 1184 1204 1256; x_wconf 75' lang='lat' dir='ltr'>patescere</span> <span class='ocrx_word' id='word_1_114' title='bbox 1243 1174 1419 1247; x_wconf 87' lang='lat' dir='ltr'>acies,</span> <span class='ocrx_word' id='word_1_115' title='bbox 1467 1175 1652 1234; x_wconf 77' lang='lat' dir='ltr'>effuso</span> <span class='ocrx_word' id='word_1_116' title='bbox 1678 1176 1871 1247; x_wconf 85' lang='lat' dir='ltr'>hoste,</span> <span class='ocrx_word' id='word_1_117' title='bbox 1912 1183 1974 1235; x_wconf 87' lang='lat' dir='ltr'>et</span> <span class='ocrx_word' id='word_1_118' title='bbox 1997 1178 2222 1255; x_wconf 84' lang='lat' dir='ltr'>inpedi-</span> 
     </span>
     <span class='ocr_line' id='line_1_14' title="bbox 300 1251 2226 1333; baseline 0.001 -21"><span class='ocrx_word' id='word_1_119' title='bbox 300 1255 528 1314; x_wconf 80' lang='lat' dir='ltr'>entibus</span> <span class='ocrx_word' id='word_1_120' title='bbox 559 1251 825 1315; x_wconf 85' lang='lat' dir='ltr'>tentoriis</span> <span class='ocrx_word' id='word_1_121' title='bbox 844 1255 1227 1333; x_wconf 82' lang='lat' dir='ltr'>sarcinisque,</span> <span class='ocrx_word' id='word_1_122' title='bbox 1255 1274 1387 1315; x_wconf 85' lang='lat' dir='ltr'>cum</span> <span class='ocrx_word' id='word_1_123' title='bbox 1422 1254 1574 1314; x_wconf 90' lang='lat' dir='ltr'>intra</span> <span class='ocrx_word' id='word_1_124' title='bbox 1598 1256 1815 1314; x_wconf 83' lang='lat' dir='ltr'>vallum</span> <span class='ocrx_word' id='word_1_125' title='bbox 1848 1263 2226 1333; x_wconf 80' lang='lat' dir='ltr'>pugnaretur.</span> 
     </span>
     <span class='ocr_line' id='line_1_15' title="bbox 300 1331 2224 1414; baseline 0 -21"><span class='ocrx_word' id='word_1_126' title='bbox 300 1331 492 1414; x_wconf 77' lang='lat' dir='ltr'>Tutor</span> <span class='ocrx_word' id='word_1_127' title='bbox 516 1342 579 1395; x_wconf 88' lang='lat' dir='ltr'>et</span> <span class='ocrx_word' id='word_1_128' title='bbox 603 1335 896 1396; x_wconf 77' lang='lat' dir='ltr'>Classicus</span> <span class='ocrx_word' id='word_1_129' title='bbox 937 1343 999 1408; x_wconf 78' lang='lat' dir='ltr'>et</span> <span class='ocrx_word' id='word_1_130' title='bbox 1043 1333 1277 1407; x_wconf 82' lang='lat' dir='ltr'>Civilis,</span> <span class='ocrx_word' id='word_1_131' title='bbox 1327 1336 1446 1395; x_wconf 87' lang='lat' dir='ltr'>suis</span> <span class='ocrx_word' id='word_1_132' title='bbox 1486 1334 1734 1412; x_wconf 88' lang='lat' dir='ltr'>quisque</span> <span class='ocrx_word' id='word_1_133' title='bbox 1760 1333 1927 1405; x_wconf 89' lang='lat' dir='ltr'>locis,</span> <span class='ocrx_word' id='word_1_134' title='bbox 1974 1353 2224 1412; x_wconf 86' lang='lat' dir='ltr'>pugnam</span> 
     </span>
     <span class='ocr_line' id='line_1_16' title="bbox 300 1411 2221 1493; baseline 0.001 -21"><span class='ocrx_word' id='word_1_135' title='bbox 300 1413 536 1474; x_wconf 82' lang='lat' dir='ltr'>ciebant</span> <span class='ocrx_word' id='word_1_136' title='bbox 561 1437 575 1474; x_wconf 74' lang='lat' dir='ltr'><em>z</em></span> <span class='ocrx_word' id='word_1_137' title='bbox 620 1411 824 1474; x_wconf 83' lang='lat' dir='ltr'>Gallos</span> <span class='ocrx_word' id='word_1_138' title='bbox 844 1435 956 1493; x_wconf 85' lang='lat' dir='ltr'>pro</span> <span class='ocrx_word' id='word_1_139' title='bbox 983 1423 1000 1451; x_wconf 79' lang='lat'>⁸</span> <span class='ocrx_word' id='word_1_140' title='bbox 1029 1415 1348 1485; x_wconf 82' lang='lat' dir='ltr'>libertate,&#39;</span> <span class='ocrx_word' id='word_1_141' title='bbox 1371 1415 1621 1484; x_wconf 74' lang='lat' dir='ltr'>Batavos</span> <span class='ocrx_word' id='word_1_142' title='bbox 1649 1428 1666 1448; x_wconf 79' lang='grc'><em>·</em></span> <span class='ocrx_word' id='word_1_143' title='bbox 1690 1433 1801 1492; x_wconf 88' lang='lat' dir='ltr'>pro</span> <span class='ocrx_word' id='word_1_144' title='bbox 1816 1414 2044 1490; x_wconf 81' lang='lat' dir='ltr'>gloria,’</span> <span class='ocrx_word' id='word_1_145' title='bbox 2068 1414 2221 1473; x_wconf 83' lang='lat' dir='ltr'>Ger·</span> 
     </span>
     <span class='ocr_line' id='line_1_17' title="bbox 301 1493 2221 1573; baseline 0 -22"><span class='ocrx_word' id='word_1_146' title='bbox 301 1511 499 1552; x_wconf 84' lang='lat' dir='ltr'>manos</span> <span class='ocrx_word' id='word_1_147' title='bbox 547 1502 564 1529; x_wconf 79' lang='lat'>⁸</span> <span class='ocrx_word' id='word_1_148' title='bbox 594 1495 667 1553; x_wconf 87' lang='lat' dir='ltr'>ad</span> <span class='ocrx_word' id='word_1_149' title='bbox 692 1495 972 1573; x_wconf 79' lang='lat' dir='ltr'>praedam’</span> <span class='ocrx_word' id='word_1_150' title='bbox 998 1495 1353 1573; x_wconf 78' lang='lat' dir='ltr'>instigantes.</span> <span class='ocrx_word' id='word_1_151' title='bbox 1436 1494 1512 1554; x_wconf 88' lang='lat' dir='ltr'>Et</span> <span class='ocrx_word' id='word_1_152' title='bbox 1553 1501 1762 1556; x_wconf 88' lang='lat' dir='ltr'>cuncta</span> <span class='ocrx_word' id='word_1_153' title='bbox 1800 1511 1914 1572; x_wconf 82' lang='lat' dir='ltr'>pro</span> <span class='ocrx_word' id='word_1_154' title='bbox 1961 1493 2221 1553; x_wconf 84' lang='lat' dir='ltr'>hostibus</span> 
     </span>
     <span class='ocr_line' id='line_1_18' title="bbox 254 1574 2221 1653; baseline 0 -21"><span class='ocrx_word' id='word_1_155' title='bbox 254 1583 259 1586; x_wconf 81' lang='grc'>’</span> <span class='ocrx_word' id='word_1_156' title='bbox 300 1581 502 1634; x_wconf 81' lang='lat' dir='ltr'>erant:</span> <span class='ocrx_word' id='word_1_157' title='bbox 546 1575 736 1634; x_wconf 83' lang='lat' dir='ltr'>donec</span> <span class='ocrx_word' id='word_1_158' title='bbox 777 1574 933 1651; x_wconf 84' lang='lat' dir='ltr'>legio</span> <span class='ocrx_word' id='word_1_159' title='bbox 961 1575 1435 1646; x_wconf 82' lang='lat' dir='ltr'>unaetvicesima,</span> <span class='ocrx_word' id='word_1_160' title='bbox 1463 1574 1815 1653; x_wconf 88' lang='lat' dir='ltr'>patentiore,</span> <span class='ocrx_word' id='word_1_161' title='bbox 1864 1592 2034 1652; x_wconf 88' lang='lat' dir='ltr'>quam</span> <span class='ocrx_word' id='word_1_162' title='bbox 2060 1581 2221 1633; x_wconf 60' lang='lat' dir='ltr'>cete-2</span> 
     </span>
     <span class='ocr_line' id='line_1_19' title="bbox 299 1652 2223 1733; baseline -0.001 -20"><span class='ocrx_word' id='word_1_163' title='bbox 299 1669 408 1726; x_wconf 59' lang='grc' dir='ltr'>τε,</span> <span class='ocrx_word' id='word_1_164' title='bbox 434 1655 623 1732; x_wconf 81' lang='lat' dir='ltr'>spatio</span> <span class='ocrx_word' id='word_1_165' title='bbox 642 1655 1007 1731; x_wconf 72' lang='lat' dir='ltr'>conglobata,</span> <span class='ocrx_word' id='word_1_166' title='bbox 1027 1655 1297 1716; x_wconf 85' lang='lat' dir='ltr'>sustinuit</span> <span class='ocrx_word' id='word_1_167' title='bbox 1312 1663 1587 1728; x_wconf 56' lang='lat' dir='ltr'>ruentes,</span> <span class='ocrx_word' id='word_1_168' title='bbox 1634 1673 1767 1714; x_wconf 81' lang='lat' dir='ltr'>mox</span> <span class='ocrx_word' id='word_1_169' title='bbox 1779 1654 2010 1733; x_wconf 79' lang='lat' dir='ltr'>inpulit.</span> <span class='ocrx_word' id='word_1_170' title='bbox 2091 1652 2223 1712; x_wconf 91' lang='lat' dir='ltr'>Nec</span> 
     </span>
     <span class='ocr_line' id='line_1_20' title="bbox 299 1732 2219 1812; baseline -0.002 -18"><span class='ocrx_word' id='word_1_171' title='bbox 299 1733 426 1794; x_wconf 87' lang='lat' dir='ltr'>sine</span> <span class='ocrx_word' id='word_1_172' title='bbox 455 1753 571 1812; x_wconf 90' lang='lat' dir='ltr'>ope</span> <span class='ocrx_word' id='word_1_173' title='bbox 624 1733 861 1805; x_wconf 86' lang='lat' dir='ltr'>Divina,</span> <span class='ocrx_word' id='word_1_174' title='bbox 902 1734 1133 1796; x_wconf 84' lang='lat' dir='ltr'>mutatis</span> <span class='ocrx_word' id='word_1_175' title='bbox 1186 1741 1440 1812; x_wconf 84' lang='lat' dir='ltr'>repente</span> <span class='ocrx_word' id='word_1_176' title='bbox 1493 1735 1718 1805; x_wconf 87' lang='lat' dir='ltr'>animis,</span> <span class='ocrx_word' id='word_1_177' title='bbox 1761 1741 1926 1810; x_wconf 84' lang='lat' dir='ltr'>terga</span> <span class='ocrx_word' id='word_1_178' title='bbox 1961 1732 2219 1792; x_wconf 83' lang='lat' dir='ltr'>victores</span> 
     </span>
     <span class='ocr_line' id='line_1_21' title="bbox 299 1812 2220 1909; baseline -0.003 -35"><span class='ocrx_word' id='word_1_179' title='bbox 299 1820 561 1907; x_wconf 61' lang='lat' dir='ltr'>vertere.</span> <span class='ocrx_word' id='word_1_180' title='bbox 646 1813 789 1907; x_wconf 77' lang='lat' dir='ltr'>Ipsi,</span> <span class='ocrx_word' id='word_1_181' title='bbox 815 1814 1054 1908; x_wconf 74' lang='lat' dir='ltr'>territos</span> <span class='ocrx_word' id='word_1_182' title='bbox 1093 1833 1161 1873; x_wconf 85' lang='lat' dir='ltr'>se</span> <span class='ocrx_word' id='word_1_183' title='bbox 1205 1815 1534 1907; x_wconf 76' lang='lat' dir='ltr'>cohortium</span> <span class='ocrx_word' id='word_1_184' title='bbox 1580 1815 1880 1909; x_wconf 73' lang='lat' dir='ltr'>adspectu,</span> <span class='ocrx_word' id='word_1_185' title='bbox 1931 1812 2220 1883; x_wconf 82' lang='lat' dir='ltr'>serebant,</span> 
     </span>
     <span class='ocr_line' id='line_1_22' title="bbox 297 1893 2221 2064; baseline -0.006 -32"><span class='ocrx_word' id='word_1_186' title='bbox 297 1901 912 2055; x_wconf 60' lang='lat'>333.¹;¹‚&#39;¹3&#39;.⁰.¹;‚²..⁹322.</span> <span class='ocrx_word' id='word_1_187' title='bbox 920 1893 1851 2058; x_wconf 47' lang='lat' dir='ltr'>fflssz&#39;zssfflfflffisfff</span> <span class='ocrx_word' id='word_1_188' title='bbox 1847 1910 2221 2064; x_wconf 47' lang='lat' dir='ltr'>{3135ss</span> 
     </span>
     <span class='ocr_line' id='line_1_23' title="bbox 294 2053 2223 2139; baseline 0.007 -28"><span class='ocrx_word' id='word_1_189' title='bbox 294 2056 560 2125; x_wconf 71' lang='lat' dir='ltr'>centibus</span> <span class='ocrx_word' id='word_1_190' title='bbox 580 2073 831 2138; x_wconf 76' lang='lat' dir='ltr'>pravum</span> <span class='ocrx_word' id='word_1_191' title='bbox 848 2053 1004 2119; x_wconf 79' lang='lat' dir='ltr'>inter</span> <span class='ocrx_word' id='word_1_192' title='bbox 1026 2055 1537 2135; x_wconf 69' lang='lat' dir='ltr'>ipsoeeeft&#39;affien,</span> <span class='ocrx_word' id='word_1_193' title='bbox 1563 2059 1736 2120; x_wconf 73' lang='lat' dir='ltr'>hoste</span> <span class='ocrx_word' id='word_1_194' title='bbox 1761 2070 2004 2130; x_wconf 71' lang='lat' dir='ltr'>omisso,</span> <span class='ocrx_word' id='word_1_195' title='bbox 2031 2054 2223 2139; x_wconf 55' lang='lat' dir='ltr'>&#39;⁸szae</span> 
     </span>
     <span class='ocr_line' id='line_1_24' title="bbox 297 2132 2223 2223; baseline 0.002 -25"><span class='ocrx_word' id='word_1_196' title='bbox 297 2132 689 2223; x_wconf 68' lang='lat' dir='ltr'>consectandi.</span> <span class='ocrx_word' id='word_1_197' title='bbox 769 2132 1042 2209; x_wconf 82' lang='lat' dir='ltr'>Cerialis,</span> <span class='ocrx_word' id='word_1_198' title='bbox 1084 2144 1150 2197; x_wconf 91' lang='lat' dir='ltr'>ut</span> <span class='ocrx_word' id='word_1_199' title='bbox 1174 2136 1401 2197; x_wconf 73' lang='lat' dir='ltr'>incuria</span> <span class='ocrx_word' id='word_1_200' title='bbox 1431 2152 1649 2216; x_wconf 77' lang='lat' dir='ltr'>,prope</span> <span class='ocrx_word' id='word_1_201' title='bbox 1681 2159 1809 2199; x_wconf 89' lang='lat' dir='ltr'>rem</span> <span class='ocrx_word' id='word_1_202' title='bbox 1856 2139 2096 2211; x_wconf 79' lang='lat' dir='ltr'>adflixit,</span> <span class='ocrx_word' id='word_1_203' title='bbox 2144 2144 2223 2203; x_wconf 83' lang='lat' dir='ltr'>ita</span> 
     </span>
     <span class='ocr_line' id='line_1_25' title="bbox 303 2216 2221 2294; baseline 0.003 -16"><span class='ocrx_word' id='word_1_204' title='bbox 303 2218 624 2279; x_wconf 82' lang='lat' dir='ltr'>constantia</span> <span class='ocrx_word' id='word_1_205' title='bbox 660 2217 953 2279; x_wconf 86' lang='lat' dir='ltr'>restituit:</span> <span class='ocrx_word' id='word_1_206' title='bbox 997 2224 1355 2294; x_wconf 83' lang='lat' dir='ltr'>secutusque</span> <span class='ocrx_word' id='word_1_207' title='bbox 1395 2216 1722 2289; x_wconf 59' lang='lat' dir='ltr'>fortunam„</span> <span class='ocrx_word' id='word_1_208' title='bbox 1752 2226 1945 2277; x_wconf 78' lang='lat' dir='ltr'>castra</span> <span class='ocrx_word' id='word_1_209' title='bbox 1968 2220 2221 2284; x_wconf 88' lang='lat' dir='ltr'>hostium</span> 
     </span>
     <span class='ocr_line' id='line_1_26' title="bbox 301 2296 2219 2438; baseline 0.002 -80"><span class='ocrx_word' id='word_1_210' title='bbox 301 2299 516 2438; x_wconf 57' lang='lat' dir='ltr'>{andem</span> <span class='ocrx_word' id='word_1_211' title='bbox 533 2298 637 2359; x_wconf 83' lang='lat' dir='ltr'>die</span> <span class='ocrx_word' id='word_1_212' title='bbox 675 2297 834 2377; x_wconf 82' lang='lat' dir='ltr'>capit</span> <span class='ocrx_word' id='word_1_213' title='bbox 854 2297 1279 2379; x_wconf 78' lang='lat' dir='ltr'>exscinditque.</span> <span class='ocrx_word' id='word_1_214' title='bbox 1364 2296 1496 2358; x_wconf 81' lang='lat' dir='ltr'>Nec</span> <span class='ocrx_word' id='word_1_215' title='bbox 1518 2297 1577 2357; x_wconf 89' lang='lat' dir='ltr'>in</span> <span class='ocrx_word' id='word_1_216' title='bbox 1603 2298 1837 2376; x_wconf 88' lang='lat' dir='ltr'>longum</span> <span class='ocrx_word' id='word_1_217' title='bbox 1857 2297 2024 2376; x_wconf 89' lang='lat' dir='ltr'>quies</span> <span class='ocrx_word' id='word_1_218' title='bbox 2051 2302 2219 2361; x_wconf 83' lang='lat' dir='ltr'>militi</span> 
     </span>
    </p>

    <p class='ocr_par' dir='ltr' id='par_1_4' title="bbox 287 2456 2223 3178">
     <span class='ocr_line' id='line_1_27' title="bbox 381 2456 2223 2540; baseline 0.003 -23"><span class='ocrx_word' id='word_1_219' title='bbox 381 2456 653 2518; x_wconf 86' lang='lat' dir='ltr'>LXXIX.</span> <span class='ocrx_word' id='word_1_220' title='bbox 680 2456 940 2520; x_wconf 83' lang='lat' dir='ltr'>Orabant</span> <span class='ocrx_word' id='word_1_221' title='bbox 956 2458 1236 2518; x_wconf 80' lang='lat' dir='ltr'>auxilium</span> <span class='ocrx_word' id='word_1_222' title='bbox 1256 2456 1709 2538; x_wconf 75' lang='lat' dir='ltr'>Agrippinenses</span> <span class='ocrx_word' id='word_1_223' title='bbox 1736 2481 1754 2531; x_wconf 71' lang='lat'><em>3</em></span> <span class='ocrx_word' id='word_1_224' title='bbox 1782 2458 2223 2540; x_wconf 78' lang='lat' dir='ltr'>offerebantque</span> 
     </span>
     <span class='ocr_line' id='line_1_28' title="bbox 301 2535 2216 2612; baseline 0.002 -14"><span class='ocrx_word' id='word_1_225' title='bbox 301 2558 546 2599; x_wconf 82' lang='lat' dir='ltr'>uxorem</span> <span class='ocrx_word' id='word_1_226' title='bbox 573 2558 640 2599; x_wconf 85' lang='lat' dir='ltr'>ac</span> <span class='ocrx_word' id='word_1_227' title='bbox 667 2557 935 2599; x_wconf 90' lang='lat' dir='ltr'>sororem</span> <span class='ocrx_word' id='word_1_228' title='bbox 975 2538 1188 2598; x_wconf 85' lang='lat' dir='ltr'>Civilis</span> <span class='ocrx_word' id='word_1_229' title='bbox 1233 2546 1298 2598; x_wconf 87' lang='lat' dir='ltr'>et</span> <span class='ocrx_word' id='word_1_230' title='bbox 1340 2538 1517 2599; x_wconf 81' lang='lat' dir='ltr'>filiam</span> <span class='ocrx_word' id='word_1_231' title='bbox 1569 2535 1837 2612; x_wconf 74' lang='lat' dir='ltr'>Classici,</span> <span class='ocrx_word' id='word_1_232' title='bbox 1873 2540 2080 2601; x_wconf 89' lang='lat' dir='ltr'>relicta</span> <span class='ocrx_word' id='word_1_233' title='bbox 2103 2543 2216 2602; x_wconf 89' lang='lat' dir='ltr'>sibi</span> 
     </span>
     <span class='ocr_line' id='line_1_29' title="bbox 298 2618 2219 2696; baseline 0.003 -18"><span class='ocrx_word' id='word_1_234' title='bbox 298 2619 543 2696; x_wconf 86' lang='lat' dir='ltr'>pignora</span> <span class='ocrx_word' id='word_1_235' title='bbox 592 2619 904 2680; x_wconf 86' lang='lat' dir='ltr'>societatis.</span> <span class='ocrx_word' id='word_1_236' title='bbox 1002 2622 1194 2695; x_wconf 80' lang='lat' dir='ltr'>Atque</span> <span class='ocrx_word' id='word_1_237' title='bbox 1233 2618 1464 2678; x_wconf 86' lang='lat' dir='ltr'>interim</span> <span class='ocrx_word' id='word_1_238' title='bbox 1497 2618 1797 2695; x_wconf 85' lang='lat' dir='ltr'>dispersos</span> <span class='ocrx_word' id='word_1_239' title='bbox 1847 2619 1909 2681; x_wconf 88' lang='lat' dir='ltr'>in</span> <span class='ocrx_word' id='word_1_240' title='bbox 1953 2620 2219 2683; x_wconf 85' lang='lat' dir='ltr'>domibus</span> 
     </span>
     <span class='ocr_line' id='line_1_30' title="bbox 298 2698 2219 2777; baseline 0.003 -20"><span class='ocrx_word' id='word_1_241' title='bbox 298 2698 624 2760; x_wconf 85' lang='lat' dir='ltr'>Germanos</span> <span class='ocrx_word' id='word_1_242' title='bbox 665 2699 1113 2760; x_wconf 85' lang='lat' dir='ltr'>trucidaverant.</span> <span class='ocrx_word' id='word_1_243' title='bbox 1198 2698 1370 2759; x_wconf 87' lang='lat' dir='ltr'>Unde</span> <span class='ocrx_word' id='word_1_244' title='bbox 1396 2706 1586 2758; x_wconf 85' lang='lat' dir='ltr'>metus</span> <span class='ocrx_word' id='word_1_245' title='bbox 1612 2705 1675 2757; x_wconf 86' lang='lat' dir='ltr'>et</span> <span class='ocrx_word' id='word_1_246' title='bbox 1689 2699 1870 2776; x_wconf 75' lang='lat' dir='ltr'>justae</span> <span class='ocrx_word' id='word_1_247' title='bbox 1896 2718 2112 2777; x_wconf 78' lang='lat' dir='ltr'>preces</span> <span class='ocrx_word' id='word_1_248' title='bbox 2130 2704 2219 2764; x_wconf 89' lang='lat' dir='ltr'>in-</span> 
     </span>
     <span class='ocr_line' id='line_1_31' title="bbox 298 2778 2218 2859; baseline 0.004 -22"><span class='ocrx_word' id='word_1_249' title='bbox 298 2780 649 2851; x_wconf 77' lang='lat' dir='ltr'>vocantium,</span> <span class='ocrx_word' id='word_1_250' title='bbox 679 2789 985 2859; x_wconf 83' lang='lat' dir='ltr'>antequam</span> <span class='ocrx_word' id='word_1_251' title='bbox 1001 2782 1222 2851; x_wconf 88' lang='lat' dir='ltr'>hostes,</span> <span class='ocrx_word' id='word_1_252' title='bbox 1251 2780 1536 2857; x_wconf 87' lang='lat' dir='ltr'>reparatis</span> <span class='ocrx_word' id='word_1_253' title='bbox 1562 2778 1805 2849; x_wconf 81' lang='lat' dir='ltr'>viribus,</span> <span class='ocrx_word' id='word_1_254' title='bbox 1833 2779 1904 2837; x_wconf 87' lang='lat' dir='ltr'>ad</span> <span class='ocrx_word' id='word_1_255' title='bbox 1928 2799 2096 2859; x_wconf 86' lang='lat' dir='ltr'>spem</span> <span class='ocrx_word' id='word_1_256' title='bbox 2117 2785 2218 2844; x_wconf 85' lang='lat' dir='ltr'>v&#39;el</span> 
     </span>
     <span class='ocr_line' id='line_1_32' title="bbox 299 2857 2220 2938; baseline 0.005 -22"><span class='ocrx_word' id='word_1_257' title='bbox 299 2859 375 2917; x_wconf 89' lang='lat' dir='ltr'>ad</span> <span class='ocrx_word' id='word_1_258' title='bbox 402 2859 680 2919; x_wconf 88' lang='lat' dir='ltr'>ultionem</span> <span class='ocrx_word' id='word_1_259' title='bbox 706 2863 1166 2937; x_wconf 82' lang='lat' dir='ltr'>accingerentur.</span> <span class='ocrx_word' id='word_1_260' title='bbox 1247 2857 1516 2938; x_wconf 78' lang='lat' dir='ltr'>Namque</span> <span class='ocrx_word' id='word_1_261' title='bbox 1538 2866 1600 2919; x_wconf 87' lang='lat' dir='ltr'>et</span> <span class='ocrx_word' id='word_1_262' title='bbox 1620 2857 1828 2918; x_wconf 82' lang='lat' dir='ltr'>Civilis</span> <span class='ocrx_word' id='word_1_263' title='bbox 1847 2858 1988 2921; x_wconf 85' lang='lat' dir='ltr'>illuc</span> <span class='ocrx_word' id='word_1_264' title='bbox 2028 2861 2220 2925; x_wconf 79' lang='lat' dir='ltr'>inten-</span> 
     </span>
     <span class='ocr_line' id='line_1_33' title="bbox 298 2938 2216 3015; baseline 0.002 -17"><span class='ocrx_word' id='word_1_265' title='bbox 298 2939 486 3009; x_wconf 78' lang='lat' dir='ltr'>derat,</span> <span class='ocrx_word' id='word_1_266' title='bbox 539 2958 654 2999; x_wconf 90' lang='lat' dir='ltr'>non</span> <span class='ocrx_word' id='word_1_267' title='bbox 680 2940 984 3009; x_wconf 84' lang='lat' dir='ltr'>invalidus,</span> <span class='ocrx_word' id='word_1_268' title='bbox 1035 2939 1484 3015; x_wconf 53' lang='lat' dir='ltr'>flagrantissima.</span> <span class='ocrx_word' id='word_1_269' title='bbox 1495 2938 1826 2998; x_wconf 82' lang='lat' dir='ltr'>cohortium</span> <span class='ocrx_word' id='word_1_270' title='bbox 1866 2956 2103 3001; x_wconf 83' lang='lat' dir='ltr'>suarum</span> <span class='ocrx_word' id='word_1_271' title='bbox 2128 2944 2216 3001; x_wconf 88' lang='lat' dir='ltr'>in·</span> 
     </span>
     <span class='ocr_line' id='line_1_34' title="bbox 298 3016 2213 3100; baseline 0 -20"><span class='ocrx_word' id='word_1_272' title='bbox 298 3024 462 3097; x_wconf 74' lang='lat' dir='ltr'>tegra</span> <span class='ocrx_word' id='word_1_273' title='bbox 493 3041 508 3079; x_wconf 77' lang='lat' dir='ltr'><strong><em>z</em></strong></span> <span class='ocrx_word' id='word_1_274' title='bbox 554 3039 683 3096; x_wconf 77' lang='lat' dir='ltr'>quae</span> <span class='ocrx_word' id='word_1_275' title='bbox 700 3039 777 3080; x_wconf 83' lang='lat' dir='ltr'>ex</span> <span class='ocrx_word' id='word_1_276' title='bbox 797 3019 1052 3079; x_wconf 86' lang='lat' dir='ltr'>Chaucis</span> <span class='ocrx_word' id='word_1_277' title='bbox 1073 3018 1398 3095; x_wconf 84' lang='lat' dir='ltr'>Frisiisque</span> <span class='ocrx_word' id='word_1_278' title='bbox 1421 3017 1763 3096; x_wconf 83' lang='lat' dir='ltr'>composita,</span> <span class='ocrx_word' id='word_1_279' title='bbox 1790 3016 2083 3089; x_wconf 82' lang='lat' dir='ltr'>Tolbiaci,</span> <span class='ocrx_word' id='word_1_280' title='bbox 2099 3019 2213 3100; x_wconf 63' lang='lat' dir='ltr'>(a)</span> 
     </span>
     <span class='ocr_line' id='line_1_35' title="bbox 287 3092 2214 3178; baseline 0.001 -18"><span class='ocrx_word' id='word_1_281' title='bbox 287 3098 358 3159; x_wconf 73' lang='lat' dir='ltr'>‘in</span> <span class='ocrx_word' id='word_1_282' title='bbox 424 3099 634 3160; x_wconf 84' lang='lat' dir='ltr'>finibus</span> <span class='ocrx_word' id='word_1_283' title='bbox 687 3098 1220 3178; x_wconf 84' lang='lat' dir='ltr'>Agrippinensium,</span> <span class='ocrx_word' id='word_1_284' title='bbox 1258 3098 1480 3173; x_wconf 87' lang='lat' dir='ltr'>agebat.</span> <span class='ocrx_word' id='word_1_285' title='bbox 1593 3096 1709 3153; x_wconf 86' lang='lat' dir='ltr'>Sed</span> <span class='ocrx_word' id='word_1_286' title='bbox 1753 3092 1934 3155; x_wconf 88' lang='lat' dir='ltr'>tristis</span> <span class='ocrx_word' id='word_1_287' title='bbox 1978 3099 2214 3163; x_wconf 90' lang='lat' dir='ltr'>nuntius</span> 
     </span>
    </p>
   </div>
   <div class='ocr_carea' id='block_1_3' title="bbox 195 3175 2217 3260">
    <p class='ocr_par' dir='ltr' id='par_1_5' title="bbox 195 3175 2217 3260">
     <span class='ocr_line' id='line_1_36' title="bbox 195 3175 2217 3260; baseline 0.001 -22"><span class='ocrx_word' id='word_1_288' title='bbox 195 3181 203 3187; x_wconf 81' lang='grc'>’</span> <span class='ocrx_word' id='word_1_289' title='bbox 302 3180 536 3250; x_wconf 82' lang='lat' dir='ltr'>avertit,</span> <span class='ocrx_word' id='word_1_290' title='bbox 574 3186 592 3214; x_wconf 91' lang='lat'>‘</span> <span class='ocrx_word' id='word_1_291' title='bbox 637 3180 889 3238; x_wconf 86' lang='lat' dir='ltr'>deletam</span> <span class='ocrx_word' id='word_1_292' title='bbox 930 3178 1238 3238; x_wconf 80' lang='lat' dir='ltr'>cohortem</span> <span class='ocrx_word' id='word_1_293' title='bbox 1282 3177 1418 3237; x_wconf 90' lang='lat' dir='ltr'>dolo</span> <span class='ocrx_word' id='word_1_294' title='bbox 1474 3175 1983 3254; x_wconf 79' lang='lat' dir='ltr'>Agrippinensium</span> <span class='ocrx_word' id='word_1_295' title='bbox 2007 3178 2048 3236; x_wconf 67' lang='grc' dir='ltr'>ι’</span> <span class='ocrx_word' id='word_1_296' title='bbox 2116 3181 2217 3260; x_wconf 91' lang='lat' dir='ltr'>qui</span> 
     </span>
    </p>
   </div>
   <div class='ocr_carea' id='block_1_4' title="bbox 300 3254 2221 3338">
    <p class='ocr_par' dir='ltr' id='par_1_6' title="bbox 300 3254 2221 3338">
     <span class='ocr_line' id='line_1_37' title="bbox 300 3254 2221 3338; baseline 0.001 -19"><span class='ocrx_word' id='word_1_297' title='bbox 300 3258 477 3336; x_wconf 81' lang='lat' dir='ltr'>largis</span> <span class='ocrx_word' id='word_1_298' title='bbox 502 3258 692 3337; x_wconf 76' lang='lat' dir='ltr'>epulis</span> <span class='ocrx_word' id='word_1_299' title='bbox 718 3261 974 3337; x_wconf 83' lang='lat' dir='ltr'>vinoque</span> <span class='ocrx_word' id='word_1_300' title='bbox 991 3259 1209 3337; x_wconf 89' lang='lat' dir='ltr'>sopitos</span> <span class='ocrx_word' id='word_1_301' title='bbox 1222 3257 1571 3327; x_wconf 86' lang='lat' dir='ltr'>Germanos,</span> <span class='ocrx_word' id='word_1_302' title='bbox 1588 3256 1797 3315; x_wconf 89' lang='lat' dir='ltr'>clausis</span> <span class='ocrx_word' id='word_1_303' title='bbox 1823 3254 2069 3329; x_wconf 82' lang='lat' dir='ltr'>foribus,</span> <span class='ocrx_word' id='word_1_304' title='bbox 2087 3263 2221 3338; x_wconf 88' lang='lat' dir='ltr'>igne</span> 
     </span>
    </p>
   </div>
   <div class='ocr_carea' id='block_1_5' title="bbox 296 3335 2446 3417">
    <p class='ocr_par' dir='ltr' id='par_1_7' title="bbox 296 3335 2446 3417">
     <span class='ocr_line' id='line_1_38' title="bbox 296 3335 2446 3417; baseline 0.001 -19"><span class='ocrx_word' id='word_1_305' title='bbox 296 3338 536 3417; x_wconf 78' lang='lat' dir='ltr'>injecto,</span> <span class='ocrx_word' id='word_1_306' title='bbox 551 3357 918 3401; x_wconf 74' lang='lat' dir='ltr'>cremavere.</span> <span class='ocrx_word' id='word_1_307' title='bbox 999 3337 1180 3397; x_wconf 88' lang='lat' dir='ltr'>Simul</span> <span class='ocrx_word' id='word_1_308' title='bbox 1201 3335 1455 3397; x_wconf 79' lang='lat' dir='ltr'>Cerialis</span> <span class='ocrx_word' id='word_1_309' title='bbox 1477 3352 1738 3415; x_wconf 85' lang='lat' dir='ltr'>propero</span> <span class='ocrx_word' id='word_1_310' title='bbox 1754 3336 1979 3413; x_wconf 81' lang='lat' dir='ltr'>agmine</span> <span class='ocrx_word' id='word_1_311' title='bbox 2001 3342 2217 3402; x_wconf 62' lang='lat' dir='ltr'>subm«</span> <span class='ocrx_word' id='word_1_312' title='bbox 2341 3402 2346 3407; x_wconf 81' lang='grc'><em>,</em></span> <span class='ocrx_word' id='word_1_313' title='bbox 2445 3364 2446 3369; x_wconf 58' lang='grc'>’</span> 
     </span>
    </p>
   </div>
   <div class='ocr_carea' id='block_1_6' title="bbox 293 3510 2219 3752">
    <p class='ocr_par' dir='ltr' id='par_1_8' title="bbox 293 3510 2219 3752">
     <span class='ocr_line' id='line_1_39' title="bbox 368 3510 2219 3612; baseline -0.002 -9"><span class='ocrx_word' id='word_1_314' title='bbox 368 3555 392 3603; x_wconf 74' lang='lat' dir='ltr'><em>l</em></span> <span class='ocrx_word' id='word_1_315' title='bbox 419 3510 739 3602; x_wconf 74' lang='lat' dir='ltr'>Hordeonius</span> <span class='ocrx_word' id='word_1_316' title='bbox 759 3550 969 3602; x_wconf 66' lang='lat' dir='ltr'>flaccus</span> <span class='ocrx_word' id='word_1_317' title='bbox 984 3550 1083 3600; x_wconf 75' lang='lat' dir='ltr'>and</span> <span class='ocrx_word' id='word_1_318' title='bbox 1097 3549 1292 3600; x_wconf 76' lang='lat' dir='ltr'>Vocula</span> <span class='ocrx_word' id='word_1_319' title='bbox 1305 3563 1444 3599; x_wconf 68' lang='lat' dir='ltr'>were</span> <span class='ocrx_word' id='word_1_320' title='bbox 1459 3549 1732 3600; x_wconf 80' lang='lat' dir='ltr'>murdered</span> <span class='ocrx_word' id='word_1_321' title='bbox 1749 3547 1821 3612; x_wconf 79' lang='lat' dir='ltr'>by</span> <span class='ocrx_word' id='word_1_322' title='bbox 1834 3551 1969 3599; x_wconf 80' lang='lat' dir='ltr'>their</span> <span class='ocrx_word' id='word_1_323' title='bbox 1987 3563 2102 3599; x_wconf 73' lang='lat' dir='ltr'>own</span> <span class='ocrx_word' id='word_1_324' title='bbox 2120 3548 2219 3599; x_wconf 74' lang='lat' dir='ltr'>soi-</span> 
     </span>
     <span class='ocr_line' id='line_1_40' title="bbox 293 3614 2118 3679; baseline -0.003 -12"><span class='ocrx_word' id='word_1_325' title='bbox 293 3617 453 3667; x_wconf 69' lang='lat' dir='ltr'>dieu.</span> <span class='ocrx_word' id='word_1_326' title='bbox 520 3614 781 3666; x_wconf 81' lang='lat' dir='ltr'>Numisius</span> <span class='ocrx_word' id='word_1_327' title='bbox 800 3614 900 3666; x_wconf 76' lang='lat' dir='ltr'>and</span> <span class='ocrx_word' id='word_1_328' title='bbox 920 3615 1206 3673; x_wconf 78' lang='lat' dir='ltr'>Herennius</span> <span class='ocrx_word' id='word_1_329' title='bbox 1224 3616 1343 3665; x_wconf 82' lang='lat' dir='ltr'>died</span> <span class='ocrx_word' id='word_1_330' title='bbox 1364 3617 1434 3678; x_wconf 81' lang='lat' dir='ltr'>by</span> <span class='ocrx_word' id='word_1_331' title='bbox 1447 3616 1536 3664; x_wconf 79' lang='lat' dir='ltr'>the</span> <span class='ocrx_word' id='word_1_332' title='bbox 1555 3614 1720 3665; x_wconf 77' lang='lat' dir='ltr'>swerd</span> <span class='ocrx_word' id='word_1_333' title='bbox 1733 3615 1794 3662; x_wconf 76' lang='lat' dir='ltr'>of</span> <span class='ocrx_word' id='word_1_334' title='bbox 1815 3615 1903 3663; x_wconf 83' lang='lat' dir='ltr'>the</span> <span class='ocrx_word' id='word_1_335' title='bbox 1924 3626 2118 3679; x_wconf 59' lang='lat' dir='ltr'>enemy.</span> 
     </span>
     <span class='ocr_line' id='line_1_41' title="bbox 364 3678 1863 3752; baseline -0.001 -18"><span class='ocrx_word' id='word_1_336' title='bbox 364 3698 415 3734; x_wconf 83' lang='lat' dir='ltr'>m</span> <span class='ocrx_word' id='word_1_337' title='bbox 448 3680 752 3740; x_wconf 63' lang='lat' dir='ltr'>mosam.</span> <span class='ocrx_word' id='word_1_338' title='bbox 762 3695 880 3733; x_wconf 71' lang='lat' dir='ltr'>now</span> <span class='ocrx_word' id='word_1_339' title='bbox 912 3682 1216 3752; x_wconf 54' lang='lat' dir='ltr'>Zufinfehdn</span> <span class='ocrx_word' id='word_1_340' title='bbox 1236 3684 1326 3732; x_wconf 85' lang='lat' dir='ltr'>the</span> <span class='ocrx_word' id='word_1_341' title='bbox 1341 3680 1542 3731; x_wconf 78' lang='lat' dir='ltr'>diocese</span> <span class='ocrx_word' id='word_1_342' title='bbox 1559 3679 1618 3730; x_wconf 77' lang='lat' dir='ltr'>of</span> <span class='ocrx_word' id='word_1_343' title='bbox 1631 3678 1863 3744; x_wconf 68' lang='lat' dir='ltr'>Celaeno.</span> 
     </span>
    </p>
   </div>
  </div>
 </body>
</html>
