2459 4075
261 160 338 215 9ο
857 160 929 219 c,
951 149 1222 220 'com-1.
1269 155 1577 220 TACIT1.
1767 179 1826 216 A·
1858 178 1917 216 u.
1949 179 2006 216 c.
2039 163 2178 217 822.

256 299 345 358 nis
373 301 752 363 videbantur:
797 312 858 364 ut
884 306 1014 369 haec
1044 309 1288 386 adeptus
1309 312 1418 375 est,
1437 303 1708 382 portendi
1727 303 1839 363 sibi
1862 303 2183 380 Imperium

255 381 552 441 credebat.
642 385 748 443 Est
770 383 1033 447 Judaeam
1062 388 1215 447 inter
1243 385 1585 463 Syriamque
1615 383 1940 453 Carmelus,
1969 381 2066 462 (z)
2107 385 2188 441 ita

259 469 736 549 v‹socantmontem
757 464 1066 545 Deumque
1085 492 1099 528 ε
1130 486 1241 527 nec
1257 466 1626 525 simulacrum
1645 463 1776 523 Deo
1794 468 1889 521 aut
1902 463 2190 540 templum

255 544 428 612 situm
444 543 734 603 tradidere
754 545 1001 621 majores
1024 570 1040 619 3
1072 566 1227 606 aram
1256 552 1473 605 tantum
1494 549 1556 603 et
1582 543 1991 602 reverentiam.
2053 541 2187 600 Illic

189 687 198 696 Ἴ
259 621 599 681 sacrificanti
627 623 1006 701 Vespasiano,
1041 645 1170 685 cum
1199 644 1337 703 spes
1380 624 1634 683 occultas
1671 629 1939 686 versaret
1972 620 2187 689 animo,

259 696 542 762 Basilides
585 703 890 775 Sacerdos„
939 705 1216 783 inspectis
1263 703 1579 764 identidem
1624 702 1796 772 extis,
1855 708 1871 735 ‘
1891 699 2189 777 Quidquid

263 785 282 810 '
302 781 431 851 ‘³812’
462 782 667 862 inquit,
712 790 727 816 ‘
749 782 1130 861 Vespasiane,
1158 783 1314 861 quod
1340 801 1532 860 paras,
1554 800 1660 841 seu
1701 782 1935 839 domum
1962 786 2187 840 exstru-

266 864 282 891 ‘
304 877 431 931 ere,
459 882 565 921 seu
604 864 897 937 prolatare
924 884 1115 941 θεῖος,
1136 865 1263 923 sive
1290 862 1573 938 ampliare
1599 860 1865 930 servitia,
1886 859 2058 918 datur
2080 857 2187 917 tibi

266 943 502 1016 ‘magna
534 942 729 1011 sedes,
757 942 1018 1019 ingentes
1059 943 1317 1013 termini,
1355 943 1598 1000 multum
1645 938 1987 999 hominum.'
2068 937 2190 996 Has

265 1021 530 1095 ambages
559 1027 619 1080 et
654 1021 842 1081 statim
870 1031 1193 1102 exceperat
1214 1019 1386 1091 fama,
1426 1026 1488 1079 et
1531 1029 1668 1079 tunc
1697 1018 2034 1096 aperiebat:
2078 1034 2189 1077 nec

267 1099 578 1177 quidquam
615 1102 790 1176 magis
818 1102 876 1161 in
904 1122 1009 1162 ore
1036 1101 1233 1179 vulgi:
1275 1101 1610 1162 crebriores
1646 1098 1800 1176 apud
1834 1098 2024 1176 ipsum
2050 1115 2179 1157 ser-

266 1198 468 1237 mones
493 1202 505 1237 :
552 1188 761 1256 quanto
783 1184 1148 1258 sperantibus
1175 1182 1348 1260 plura
1366 1180 1650 1238 dicuntur.

346 1258 617 1317 LXXIX.
662 1259 833 1319 Haud
854 1262 1027 1321 dubia
1050 1260 1433 1322 destinatione
1473 1256 1837 1318 discessere:
1881 1257 2185 1316 Mucianus

266 1338 651 1410 Antiochiam,
681 1340 1067 1418 Vespasianus
1109 1342 1474 1400 Caesareamz
1519 1338 1620 1398 illa
1664 1338 1874 1428 Syriae,
1908 1339 2038 1395 haec
2078 1332 2185 1392 Ju-

267 1417 394 1476 deae
422 1425 593 1494 caput
619 1427 725 1477 est.
814 1421 1045 1480 Initium
1092 1420 1320 1479 serendi
1366 1419 1437 1477 ad
1482 1417 1602 1477 Ves
1710 1437 1899 1476 ianum
1946 1412 2193 1490 Imperii

267 1496 633 1556 Alexandriae
657 1506 935 1575 coeptum,
951 1499 1258 1560 festinante
1282 1497 1530 1558 Tiberio
1558 1499 1610 1555 A
1635 1496 1912 1566 exandro,
1934 1494 2032 1572 qui
2053 1492 2190 1550 Kal.

266 1572 304 1627 J
310 1574 385 1632 ul.
416 1583 776 1636 sacramento
801 1579 931 1655 ejus
952 1580 1212 1656 legiones
1227 1578 1437 1655 adegit.
1523 1579 1698 1655 Isque
1726 1576 1946 1653 primus
1967 1571 2194 1632 Princi-

270 1659 434 1730 patus
455 1654 579 1713 dies
600 1656 660 1713 in
679 1664 980 1733 posterum
997 1661 1352 1729 celebratus,
1376 1658 1637 1735 quamvis
1662 1654 1698 1712 J
1702 1655 1938 1713 udaicus
1964 1650 2196 1711 exerci-

272 1740 363 1791 tus
393 1734 590 1809 quinto
627 1734 784 1791 Non.
813 1737 935 1794 Jul.
959 1740 1112 1813 apud
1136 1740 1329 1813 ipsum
1354 1738 1634 1809 jurasset,
1668 1751 1744 1794 eo
1782 1733 2015 1803 ardore,
2037 1738 2100 1790 ut
2124 1748 2202 1790 ne

273 1811 445 1869 Titus
463 1812 695 1887 quidem
713 1812 865 1873 filius
883 1822 1344 1893 exspectaretur,
1363 1812 1530 1890 Syria
1545 1830 1837 1881 remeans,
1856 1821 1915 1872 et
1929 1809 2199 1872 consilio-

273 1908 405 1948 rum
426 1891 578 1950 inter
603 1892 937 1954 Mucianum
964 1915 1029 1954 ac
1063 1904 1290 1972 patrem
1323 1892 1577 1963 nuntius,
1608 1899 1813 1952 cuncta
1826 1892 2027 1970 inpetu
2049 1889 2196 1949 mili·

268 1976 389 2029 tum
408 1980 565 2031 actae
598 1992 713 2032 non
738 1981 943 2053 parata
965 1976 1272 2046 concione,
1292 1991 1407 2033 non
1427 1971 1748 2050 conjunctis
1773 1971 2118 2046 legionibus.

354 2052 595 2113 LXXX.
642 2054 798 2114 Dum
824 2055 1107 2133 quaeritur
1132 2063 1362 2132 tempus
1386 2055 1690 2131 locusque,
1719 2051 1988 2129 quodque
2028 2051 2089 2109 in
2126 2066 2197 2109 re

273 2130 372 2209 tali
393 2133 811 2205 difficillimum,
840 2137 1029 2213 prima
1052 2156 1191 2208 vox,
1227 2135 1369 2194 dum
1394 2132 1584 2193 animo
1611 2151 1767 2210 spes,
1794 2131 1992 2201 timor,
2023 2128 2201 2219 ratic,

275 2230 443 2272 casus
471 2216 894 2275 observantur:
941 2236 1240 2293 egressum
1275 2214 1546 2274 cubiculo
1574 2211 1994 2288 Vespasianum
2029 2225 2202 2286 pauci

274 2292 508 2361 militeS‚
528 2295 699 2354 solito
727 2296 1066 2355 adsistentes
1084 2295 1312 2362 ordine,
1330 2302 1394 2352 ut
1412 2294 1686 2367 Legatum
1702 2288 2018 2360 salutaturi,
2046 2296 2064 2322 ‘
2084 2286 2198 2344 Im·

276 2379 290 2404 ‘
312 2376 665 2448 peratorem’
707 2376 1056 2433 salutavere.
1142 2375 1301 2432 Tum
1341 2372 1529 2431 ceteri
1576 2370 1917 2440 adcurrere,
1960 2376 1975 2402 ‘
1998 2367 2198 2427 Caesa-

277 2457 292 2484 ‘
314 2453 460 2510 rem'
491 2459 551 2509 et
579 2460 594 2485 ‘
609 2453 970 2527 Augustum,’
1016 2461 1076 2513 et
1096 2453 1288 2512 omnia
1314 2450 1677 2528 Principatus
1695 2450 1977 2510 vocabula
1995 2464 2197 2507 cumu-

276 2531 442 2589 lare:
488 2549 651 2589 mens
678 2551 711 2590 a
736 2539 896 2590 metu
921 2533 992 2591 ad
1028 2531 1315 2594 fortunam
1362 2534 1685 2591 transierat.
1769 2528 1838 2588 In
1884 2529 2011 2605 ipso
2054 2522 2201 2584 nihil

280 2610 579 2679 tumidum,
602 2609 901 2686 adrogans,
924 2612 1097 2672 autin
1125 2613 1300 2672 rebus
1342 2612 1509 2670 novis
1546 2628 1761 2670 novum
1787 2607 1898 2666 fuit
1923 2630 1937 2666 z
1981 2613 2047 2667 ut
2080 2604 2202 2682 pri-

279 2707 432 2745 mum
461 2694 631 2747 tantae
652 2690 975 2749 mutationis
999 2689 1095 2772 (a)
1140 2690 1398 2750 obfusam
1422 2691 1602 2750 oculis
1628 2688 1932 2764 caliginem
1951 2683 2202 2760 disjecit,

279 2765 608 2826 militariter
631 2770 881 2842 locutus,
910 2772 1044 2830 laeta
1064 2771 1254 2830 omnia
1281 2779 1340 2830 et
1377 2769 1685 2830 adfluentia
1724 2767 2000 2844 excepit:
2046 2782 2206 2822 nam-

280 2864 391 2923 que
413 2845 472 2903 id
496 2845 685 2923 ipsum
708 2850 1023 2928 opperiens
1051 2850 1375 2920 Mucianus,
1397 2851 1649 2909 alacrem
1677 2848 1920 2908 militem
1941 2845 2001 2903 in
2021 2843 2210 2902 verba

280 2926 624 3003 Vespasiani
653 2928 861 3006 adegit.
947 2930 1102 2993 Tum
1144 2929 1621 2990 Antiochensium
1663 2929 1954 2992 theatrum
1982 2925 2204 2999 ingres·

280 3024 397 3077 sus,
427 3007 522 3065 ubi
546 3007 657 3066 illis
677 3010 1004 3068 consultare
1033 3028 1156 3068 mos
1185 3017 1295 3072 est.
1323 3015 1741 3070 concurrentes
1763 3015 1824 3065 et
1844 3005 1904 3062 in
1925 3003 2239 3061 adulatio-²

279 3106 414 3146 nem
435 3086 647 3146 effusos
668 3087 1029 3167 adloquitur:
1074 3089 1210 3148 satis
1226 3089 1476 3149 decorus
1495 3088 1668 3147 etiam
1689 3086 1903 3144 Graeca
1916 3081 2208 3154 facundia,

283 3167 676 3243 omniumque,
705 3187 839 3244 quae
865 3168 1092 3228 diceret
1133 3175 1306 3245 atque
1326 3176 1553 3245 ageret,
1587 3172 1712 3225 arte
1741 3152 1983 3241 qu‘adam
2012 3169 2207 3219 osten-

279 3252 451 3304 tator.
522 3246 686 3305 Nihil
709 3266 877 3322 aeque
894 3248 1253 3323 provinciam
1274 3249 1716 3323 exercitumque
1735 3241 2019 3311 accendit,
2038 3258 2212 3320 quam

283 3323 439 3402 quod
483 3322 860 3386 adseverabat
890 3326 1213 3399 Mucianus,
1258 3336 1274 3362 ‘
1293 3329 1559 3387 statuisse
1595 3322 1922 3392 Vitellium,
1949 3330 2017 3381 ut
2048 3322 2203 3379 Ger-

352 3485 382 3516 z
414 3465 636 3527 Carmel,
662 3483 695 3516 a
708 3469 964 3521 mountain
995 3469 1047 3518 in
1068 3470 1270 3521 Galilee
1284 3486 1348 3520 on
1368 3473 1456 3521 the
1488 3470 1909 3520 Mediterranean.
2159 3524 2170 3535 ⁸

354 3549 388 3582 a
426 3533 489 3584 Ut
504 3537 723 3596 primum
743 3540 890 3585 tantoe
911 3539 1474 3604 mutationis—disjecit.
1541 3535 1769 3597 Murphy
1799 3530 2060 3580 translates
2095 3525 2198 3573 this

286 3603 549 3656 sentence3
601 3600 690 3646 the
705 3598 895 3675 change
924 3601 1128 3650 duzled
1157 3601 1235 3651 his
1262 3601 1585 3668 imagination
1607 3616 1620 3650 z
1670 3600 1766 3648 but
1780 3599 1847 3647 he
1867 3597 1988 3646 took
2006 3591 2130 3642 time
2151 3595 2207 3643 to

292 3665 429 3732 olley
444 3664 532 3716 the
550 3665 712 3729 hurty
730 3663 788 3714 os
798 3665 876 3715 his
894 3665 1073 3733 spiriu.
