2459 4075
2352 0 2459 72 Q

329 176 380 217 ³.
410 175 468 216 c.
500 158 608 214 69..
814 149 1144 248 Hls‘ron.
1188 152 1342 213 LIB.
1390 149 1772 213 TERTIUS.
2144 159 2255 217 129

327 301 646 374 interfecit,
683 309 747 360 ut
770 302 1016 361 Sisenna
1034 307 1353 360 memorat:
1399 308 1555 360 tanto
1585 301 1782 360 acrior
1807 305 1958 382 apud
1981 310 2259 387 majores,

328 382 479 442 sicut
529 382 842 442 virtutibus
880 382 1088 459 gloria,
1129 381 1211 441 ita
1258 380 1485 458 flagitiis
1526 382 1891 460 poenitentia,
1933 386 2062 446 suit.
2145 387 2265 451 Sed

330 460 460 521 Iiaec
486 463 737 541 aliaque,
767 482 844 521 ex
871 463 1064 523 veteri
1091 463 1373 521 memoria
1393 463 1596 540 petita,
1625 465 1893 540 quotiens
1931 487 2029 527 res
2069 469 2259 532 loeus·

328 561 446 621 que
474 544 748 619 exempla
788 543 958 624 recti,
1002 553 1094 605 aut
1129 543 1333 602 solatia
1371 543 1528 616 mali,
1576 551 1805 621 poscet,
1835 545 1986 606 haud
2012 548 2260 611 absurde

330 624 801 682 memorabimus.
1372 691 1381 695 ᾗ

408 702 540 762 L11.
587 704 860 774 Antonio,
904 703 1265 780 ducibusque
1309 706 1583 781 partium,
1624 713 1640 739 ‘
1683 706 1962 784 praemitti
2010 710 2262 792 equites,

323 790 342 816 ⁴
372 803 721 863 omnemque
750 783 1058 843 Umbriam
1087 785 1406 860 explorari'
1437 785 1675 864 placuit,
1705 786 1752 845 si
1785 796 1800 821 ‘
1833 807 1946 865 qua
1971 788 2261 867 Apennini

325 870 342 896 ‘
362 865 508 941 juga
527 864 875 924 clementius
896 863 1199 922 adirentur
1215 885 1230 921 ε
1244 865 1453 923 ‘acciri
1481 866 1694 943 aquilas
1715 867 1989 946 signaque
2009 876 2071 929 et
2097 873 2262 949 quid-

323 951 340 977 ·
373 945 510 1020 quid
540 943 797 1005 Veronae
825 945 1071 1003 militum
1100 943 1297 1002 soret:
1344 943 1681 1022 Padumque
1705 956 1763 1007 et
1800 967 1961 1009 mare
2003 968 2258 1013 comme-

324 1031 342 1059 ‘
371 1025 561 1083 atibus
580 1024 913 1103 compleri.’
942 1073 967 1082 -
999 1021 1184 1083 E‘rant
1222 1024 1378 1081 inter
1404 1025 1604 1095 duces,
1646 1027 1742 1102 qui
1784 1036 2093 1090 necterent
2132 1052 2283 1093 mo··

324 1122 459 1164 ras:
506 1104 727 1182 quippe
755 1103 964 1163 nimius
982 1104 1106 1181 jam
1157 1104 1456 1175 Antonius,
1492 1112 1554 1162 et
1599 1107 1858 1166 certiora
1883 1127 1959 1168 ex
1987 1109 2259 1173 Muciano

325 1186 731 1260 sperabantur.
816 1184 1096 1261 Namque'
1127 1183 1456 1258 Mucianus,
1497 1192 1613 1242 tam
1632 1186 1819 1245 celeri
1845 1187 2091 1260 victoria
2122 1209 2258 1252 anx·

325 1262 440 1332 iuS,
471 1273 553 1335 et,
582 1264 639 1323 ni
668 1283 929 1342 praesens
971 1265 1120 1323 urbe
1161 1263 1474 1340 potiretur,
1523 1274 1829 1341 expertem
1871 1285 1936 1326 se
1969 1270 2110 1329 belli
2135 1274 2258 1347 glo-

326 1344 554 1422 riaeque
578 1353 756 1416 ratus,
786 1346 856 1403 ad
877 1344 1135 1403 Primum
1163 1352 1224 1402 et
1247 1342 1465 1403 Varum
1494 1344 1685 1403 media
1740 1347 2121 1424 scriptitabat,
2150 1351 2262 1432 (a)

326 1430 345 1456 ‘
375 1417 700 1483 instandum
728 1425 980 1502 coeptiS‚’
1012 1431 1108 1482 aut
1135 1443 1337 1483 rursus
1388 1433 1404 1459 ‘
1435 1425 1734 1485 cunctandi
1764 1427 2058 1486 utilitates’
2107 1430 2258 1491 edis-

322 1522 554 1573 serens,
601 1513 774 1583 atque
802 1506 881 1563 ita
907 1503 1280 1581 compositus‘
1331 1512 1394 1563 ut
1440 1523 1517 1563 ex
1545 1513 1758 1564 eventu
1788 1524 1987 1566 rerum
2016 1509 2261 1573 adversa
2347 1543 2351 1546 ·

322 1583 630 1655 abnueret,
678 1586 777 1644 vel
827 1603 1116 1662 prospera
1161 1591 1526 1660 agnosceret.
1632 1584 1886 1646 Plotium
1937 1588 2253 1667 Griphum,
2394 1599 2427 1612 ᾖ

324 1673 514 1741 nuper
540 1667 611 1724 ab
661 1665 1017 1742 Vespasiano
1046 1663 1105 1721 in
1154 1664 1520 1723 Senatorium
1563 1664 1827 1725 ordinem
1868 1667 2140 1742 additum,
2188 1685 2255 1733 ac

323 1744 538 1828 legioni
566 1746 969 1823 praepositum‚
1018 1751 1369 1882 ceterosffiue
1398 1743 1509 1803 sibi
1534 1744 1988 1823 fidoS,'apertius
2014 1752 2251 1812 monuit.

325 1824 488 1902 quue
513 1845 734 1896 omnes,
758 1826 831 1884 de
860 1824 1226 1883 festinatione
1307 1825 1440 1883 rimi
1469 1844 1535 1883 ac
1564 1823 1707 1883 Vari
1729 1827 1983 1900 sinistre,
2013 1837 2075 1888 et
2121 1831 2251 1891 Mu-

322 1904 488 1964 ciano
510 1906 788 1975 volentia,
819 1906 1203 1980 rescripsere.
1240 1902 1332 1984 (b)
1418 1904 1640 1976 Quibus
1662 1906 1923 1983 epistolis
1947 1899 2250 1987 Vespasia&

319 2003 396 2045 no
425 1986 633 2058 missis,
665 1984 965 2055 effecerat,
1000 1991 1204 2043 utnon
1231 2003 1343 2061 pro
1381 2001 1488 2062 spe
1516 1985 1749 2044 Antonii
1789 1989 2033 2049 consilia
2077 1989 2250 2052 facta-

323 2085 438 2144 que
463 2068 590 2143 ejus
614 2067 1059 2125 aestimarentur.

402 2147 563 2204 LIII.
608 2146 791 2220 AEgre
840 2144 898 2200 id
939 2143 1058 2220 pati
1087 2143 1389 2211 AntoniuS,
1433 2149 1493 2200 et
1537 2145 1771 2220 culpam
1818 2147 1876 2203 in
1918 2146 2250 2212 Mucianum
2284 2209 2291 2214 .

320 2223 618 2296 conferre,
671 2226 849 2301 cujus
871 2222 1366 2281 criminationibus
1421 2223 1759 2282 eviluissent
1805 2226 2070 2301 pericula
2110 2249 2243 2292 sua:

323 2304 415 2384 (c)
443 2325 555 2363 nec
581 2303 946 2364 sermonibus
973 2305 1357 2379 temperabat,
1384 2301 1706 2362 inmodicus
1736 2304 1942 2381 lingua,
1980 2314 2042 2366 et
2076 2312 2244 2372 obse·

319 2386 416 2462 qui
442 2385 700 2444 insolens
724 2408 737 2443 ε
785 2384 1005 2442 litteras
1029 2383 1099 2443 ad
1127 2383 1547 2460 Vespasianum
1573 2385 1923 2460 composuit,
1935 2387 2246 2462 jactantius

314 2483 482 2542 quam
511 2466 582 2525 ad
610 2464 966 2541 Principem,
1014 2482 1124 2522 nec
1153 2466 1279 2522 sine
1329 2463 1556 2522 occulta
1591 2463 1652 2521 in
1678 2463 2007 2526 Mucianum
2050 2470 2243 2532 insec-

315 2547 562 2606 tatione:
611 2554 627 2580 ‘
658 2564 723 2604 se
746 2543 1070 2602 Pannonias
1091 2543 1351 2619 legiones
1376 2543 1437 2619 ip
1459 2561 1615 2601 arma
1636 2544 1824 2620 egisse
1848 2568 1862 2604 ε
1907 2547 2022 2606 suis
2051 2551 2249 2612 stimu-

201 2640 208 2645 ’
317 2632 334 2658 ‘
364 2625 435 2685 lis
456 2627 678 2686 excitos
707 2623 933 2684 Moesiae
961 2624 1140 2683 duces
1169 2646 1183 2681 z
1228 2643 1331 2682 sua
1356 2623 1670 2682 constantia
1697 2634 2007 2704 perruptas
2041 2632 2245 2709 Alpes,

303 2714 336 2748 ·›‘
365 2715 700 2784 occupatam
721 2705 964 2774 Italiam,
992 2704 1313 2780 intersepta
1332 2702 1760 2769 Germanorum
1779 2703 2242 2790 Rhaetorumque

319 2793 335 2819 ‘
370 2788 600 2845 auxilia.
686 2784 858 2856 Quod
909 2783 1208 2843 discordes
1256 2783 1664 2865 dispersasque
1712 2784 1936 2844 Vitellii
1980 2789 2241 2867 legiones

316 2872 332 2898 ‘
364 2866 625 2940 equestri
668 2864 950 2940 procella,
977 2882 1114 2922 mox
1142 2864 1401 2941 peditum
1428 2864 1511 2935 vi,
1540 2883 1653 2942 per
1690 2865 1845 2925 diem
1872 2876 2240 2950 noctemque,

316 2952 332 2977 ‘
357 2943 621 3015 fudisset,
657 2945 716 3003 id
741 2945 1205 3022 pulcherrimum
1243 2952 1304 3002 et
1329 2944 1414 3001 sui
1443 2945 1662 3022 operis.
1747 2945 1963 3005 Casum
1990 2948 2239 3012 Cremo-

318 3032 334 3059 ‘
365 3044 465 3100 nae·
493 3027 652 3085 bello
704 3024 1108 3102 inputandam:
1154 3025 1375 3100 majore
1423 3021 1651 3093 damno,
1698 3025 1953 3099 plurium
2004 3031 2238 3092 urbium
2276 3028 2303 3053 '³

316 3111 332 3139 ⁴
363 3106 630 3177 excidiis,
677 3114 914 3165 veteres
962 3104 1179 3163 civium
1203 3102 1520 3161 discordias
1569 3101 1933 3178 Reipublicae
1981 3110 2231 3172 stetisse.
2320 3094 2371 3137 *

317 3193 332 3218 ⁴
365 3187 500 3246 Non
528 3205 593 3246 se
620 3185 852 3252 nuntiis,
881 3201 1072 3261 neque
1100 3181 1386 3264 epistolis,
1426 3180 1533 3241 sed
1556 3201 1724 3241 manu
1751 3189 1814 3242 et
1838 3180 2011 3245 armis
2040 3188 2232 3270 Rupe.-

383 3417 418 3452 a
449 3402 621 3454 Media
641 3402 965 3469 scriptitabat.
1031 3395 1128 3452 His
1147 3400 1321 3450 letters
1339 3412 1478 3450 were
1492 3398 1638 3461 dnn-k,
1653 3399 1967 3466 ambiguous.

387 3469 418 3519 b
450 3467 594 3534 lique
615 3468 1081 3520 omnes-Muciano
1111 3469 1341 3531 volentia,
1359 3471 1662 3535 rescripsere.
1729 3467 1881 3533 They
1901 3470 1971 3522 an
1989 3476 2227 3527 returned

313 3548 532 3587 mers
553 3536 819 3599 agreeable
832 3540 887 3585 to
907 3533 1190 3584 Mucianus.
1630 3586 1635 3591 ,

379 3617 405 3650 c
440 3600 605 3669 Cujus
617 3601 1068 3662 criminationibus,
1093 3605 1179 3650 ete.
1221 3598 1304 3663 By
1323 3599 1411 3649 the
1431 3599 1737 3652 accusation·
1763 3614 1821 3653 α’
1838 3600 2160 3655 insitiuum
2172 3603 2234 3655 of

310 3669 498 3729 whom,
515 3667 596 3720 bis
609 3680 724 3718 own
741 3666 1109 3722 „rvioa'were
1120 3663 1483 3717 under-velud.
