2459 4075
298 163 350 203 ι.
382 146 570 203 aas.
773 142 1301 205 fflsTOR.L113.
1363 128 1748 208 rennos,
2115 141 2229 205 125

307 295 532 367 pestate
562 289 918 361 Stoechadas,
946 290 1028 371 (i)
1059 291 1509 352 Massiliensium
1537 292 1774 363 insulas,
1801 290 2058 358 adfertur
2089 316 2104 352 ι
2153 289 2238 351 ibi

306 387 439 428 eum
464 369 652 430 inissae
681 391 714 430 a
740 371 1001 431 Paullino
1023 372 1327 432 liburnicae
1351 390 1727 449 oppressere.
2067 411 2071 418 ·

382 447 597 509 XLIV.
643 450 833 529 Capto
857 451 1133 522 Valente,
1161 459 1367 512 cuncta
1393 453 1462 510 ad
1478 454 1721 512 victoris
1744 471 1888 530 opes
1916 470 2228 523 conversa,

302 528 461 586 initio
502 548 617 607 per
640 530 978 608 Hispaniam
1013 551 1046 589 a
1067 535 1255 609 prima
1297 532 1597 611 Adjutrice
1626 533 1857 610 legione
1886 540 2039 603 orto,
2069 552 2225 609 quae,

299 610 581 668 memoria
606 610 853 670 Othonis
874 610 1095 671 infensa
1125 613 1390 685 Vitellio,
1431 613 1714 672 decimam
1741 610 1975 692 quoque
2002 629 2069 671 ac
2097 628 2230 670 sex-

303 698 418 747 tam
445 690 643 748 traxit.
681 744 688 752 .
726 693 858 750 Nec
902 692 1109 751 Gallioe
1135 695 1568 752 cunctabantur.
1654 693 1730 751 Et
1758 692 2114 752 Britanniam
2138 692 2224 751 in·

299 768 472 827 clitus
495 788 633 845 erga
661 770 1080 849 Vespasianum
1101 771 1287 844 favor,
1311 773 1465 851 quod
1505 773 1628 832 illic
1654 774 1924 832 secundas
1952 771 2166 848 legioni
2194 792 2228 833 a

302 847 549 908 Claudio
571 852 919 927 praepositus
948 860 1009 911 et
1055 852 1213 910 bello
1250 854 1439 913 clarus
1482 861 1703 928 egerat,
1752 872 1866 912 non
1894 854 2020 912 sine
2063 859 2223 911 motu

301 926 557 1003 adjunxit
582 938 935 1002 ceterarum,
961 929 1061 1013 (j)
1085 931 1145 988 in
1183 932 1392 1008 quibus
1413 932 1686 1009 plerique
1733 932 2126 992 Centuriones
2155 951 2224 990 ac

189 1069 196 1082 .
298 1008 511 1066 milites
549 1009 843 1071 aVitellio
869 1014 1162 1089 provecti,
1211 1020 1518 1089 expertum
1536 1012 2020 1091 Jachrincipem
2071 1011 2224 1070 anxii

300 1089 611 1148 mutabant.

382 1164 568 1225 XLV.
615 1167 708 1225 Ea
732 1167 1039 1239 discordia,
1088 1175 1150 1227 et
1175 1169 1402 1228 crebris
1447 1170 1591 1228 belli
1646 1170 1835 1228 civilis
1875 1169 2226 1239 rumoribuS,

302 1244 563 1304 Britanni
609 1249 897 1306 sustulere
945 1248 1185 1318 animoS,
1254 1257 1489 1308 auctore
1536 1250 1830 1309 Venutio:
1877 1249 1997 1323 qui,
2045 1268 2227 1324 super

301 1323 527 1384 insitam
547 1325 826 1386 ferociam
847 1336 907 1386 et
934 1328 1178 1387 Romani
1205 1329 1452 1387 nominis
1475 1330 1691 1399 odium,
1719 1328 1975 1406 propriis
1993 1328 2050 1385 in
2080 1325 2224 1386 Car·

300 1404 672 1466 tismanduam
718 1406 999 1484 Reginam
1045 1409 1290 1469 stimulis
1342 1410 1791 1467 accendebatur.
1873 1407 2226 1466 Cartisman-

298 1483 412 1543 dua
441 1484 806 1561 Brigantibus
847 1488 1235 1564 imperitabat,
1264 1489 1492 1565 pollens
1520 1489 1817 1547 nobilitate
1842 1509 1856 1545 ε
1902 1494 1963 1547 et
1989 1494 2231 1547 auxerat

297 1564 633 1640 potentiam,
660 1575 985 1643 postquam,
1016 1575 1185 1645 capto
1229 1587 1341 1645 per
1366 1568 1561 1627 dolum
1591 1568 1755 1642 Rege
1785 1566 2102 1626 Caractaco
2131 1565 2224 1645 (k)

299 1645 639 1705 instruxisse
677 1647 1034 1723 triumphum
1072 1648 1304 1707 Claudii
1351 1646 1603 1706 Caesaris
1650 1647 1976 1707 videbatur.
2083 1647 2227 1705 lnde

301 1742 464 1800 opeS,
494 1734 555 1784 et
596 1745 796 1785 rerum
842 1728 1223 1785 secundarum
1252 1729 1416 1785 luxus
1442 1750 1456 1786 ε
1500 1736 1703 1804 spreto
1733 1727 1988 1786 Venutio
2015 1725 2093 1804 (is
2120 1724 2226 1785 fuit

302 1803 565 1883 maritus)
618 1807 966 1881 armigerum
1030 1807 1179 1881 ejuS‚
1238 1806 1627 1875 Vellocatum,
1686 1807 1748 1863 in
1800 1805 2228 1865 matrimonium

303 1881 681 1959 Regnumque
705 1885 954 1960 aceepit.
1039 1884 1340 1944 Concussa
1360 1887 1545 1944 statim
1564 1884 1780 1960 flagitio
1802 1886 2025 1943 domus.
2110 1884 2231 1944 Pro

300 1963 506 2021 marito
533 1963 718 2021 studia
743 1963 1031 2036 civitatis3
1074 1981 1186 2041 pro
1228 1964 1490 2023 adultero
1519 1964 1698 2022 libido
1743 1964 1983 2039 Reginae
2029 1971 2091 2022 et
2114 1983 2224 2023 sae-

295 2040 456 2100 vitia.
543 2042 726 2117 Igitur
750 2042 1035 2101 Venutius
1063 2043 1264 2101 accitis
1293 2045 1544 2113 auxiliis,
1589 2044 1759 2101 simul
1803 2046 2064 2119 ipsorum
2092 2043 2225 2101 Bri-

298 2128 527 2196 gantum
554 2118 906 2189 desectione,
935 2121 996 2177 in
1024 2127 1353 2178 extremum
1380 2122 1696 2179 discrimen
1724 2120 2221 2180 Cartismanduam

299 2200 553 2260 adduxit.
639 2198 797 2256 Tum
843 2198 1031 2277 petita
1074 2220 1107 2257 a
1154 2199 1429 2257 Romanis
1474 2199 1784 2276 praesidia:
1848 2206 1907 2258 et
1945 2199 2223 2259 cohortes

298 2282 526 2357 alaeque
573 2287 812 2349 nostrae,
857 2278 1032 2338 variis
1076 2278 1326 2355 proeliis,
1387 2297 1666 2337 exemere
1715 2285 1905 2338 tamen
1953 2279 2222 2355 periculo

294 2361 595 2433 Reginam.
657 2357 921 2433 Regnum
944 2358 1221 2428 Venutio,
1244 2359 1466 2418 bellum
1487 2358 1674 2424 nobiS‚
1694 2359 1982 2417 relictum.

374 2438 589 2496 XLVI.
637 2436 900 2497 Turbata
925 2457 1038 2515 per
1066 2439 1303 2497 eosdem
1339 2438 1465 2497 dies
1504 2438 1839 2508 Germania,
1869 2444 1930 2496 et
1955 2439 2223 2499 socordia

177 2559 183 2565 ·
295 2520 529 2589 ducum,
553 2526 614 2577 et
639 2518 930 2577 seditione
971 2516 1286 2595 legionum.
1370 2518 1631 2576 Externa
1655 2518 1738 2589 vi,
1767 2517 2014 2595 perfidia
2037 2519 2221 2578 socia·-

0 2538 10 2599 ...a-

291 2601 356 2669 li,
384 2616 577 2679 prope
604 2598 832 2658 adflicta
878 2596 1140 2657 Romana
1166 2617 1284 2657 reS.
1372 2597 1438 2655 Id
1487 2597 1708 2656 bellum
1737 2617 1869 2657 cum
1899 2597 2117 2657 caussis
2158 2607 2221 2658 et

296 2674 601 2740 eventibus
652 2679 901 2759 (etenim
938 2678 1164 2753 longius
1200 2684 1547 2754 provectum
1597 2675 1714 2756 est)
1754 2697 1891 2736 mox
1934 2696 2219 2739 memora·

295 2760 505 2819 bimus.
589 2757 750 2816 Mota
782 2765 843 2817 et
870 2759 1167 2817 Dacorum
1192 2776 1357 2832 genS,
1402 2776 1713 2832 numquam
1748 2757 1882 2828 fida,
1924 2766 2063 2816 tunc
2091 2758 2219 2819 sine

299 2844 479 2907 metu,
502 2837 746 2896 abducto
775 2857 810 2896 e
838 2838 1047 2898 Moesia
1067 2838 1358 2896 exercitu.
1443 2837 1559 2895 Sed
1581 2838 1776 2914 prima
1802 2857 2003 2896 rerum
2030 2838 2214 2914 quieti

298 2916 777 2992 speculabantur:
827 2917 910 2998 (Ι)
935 2918 1035 2977 ubi
1054 2915 1302 2992 flagrare
1332 2916 1553 2975 Italiam
1588 2918 1772 2992 bello,
1817 2927 2022 2977 cuncta
2067 2918 2214 2976 invi-

297 3014 429 3054 cem
462 2995 709 3067 hostilia,
758 3016 1071 3074 accepere,
1116 2994 1457 3073 expugnatis
1503 2996 1830 3054 cohortium
1874 2998 2245 3072 alarumque

297 3075 556 3135 hibernis
583 3084 827 3156 utraque
852 3074 1104 3136 Danubii
1130 3076 1261 3153 ripa
1278 3075 1669 3153 potiebantur.
1754 3074 2002 3152 Jamque
2030 3081 2219 3135 castra

360 3262 382 3309 i
414 3260 698 3325 staechades,
720 3260 821 3310 five
841 3259 1039 3319 islands‚
1053 3271 1168 3309 now
1184 3256 1351 3307 called
1369 3257 1458 3306 the
1475 3255 1676 3316 Hieres,
1689 3270 1753 3307 on
1769 3257 1856 3306 the
1873 3261 2008 3309 coast
2022 3258 2082 3308 os
2094 3258 2216 3310 Pro·

295 3338 464 3374 venee.

341 3393 380 3456 j
408 3392 531 3441 Non
549 3395 660 3443 sine
680 3397 813 3443 motu
833 3399 1118 3442 ceterarum.
1189 3389 1470 3454 Legimum
1490 3388 1532 3438 is
1552 3389 1870 3439 understood.

341 3459 387 3508 ·k
418 3456 519 3507 For
541 3458 848 3508 Caractacus
879 3457 978 3506 and
1013 3454 1400 3507 Cartimandua
1417 3468 1582 3518 queen
1614 3455 1678 3505 ‘os
1702 3457 1791 3505 the
1813 3456 2090 3521 Brigantes,
2130 3468 2215 3504 seo

292 3524 496 3583 Annius,
516 3524 609 3573 xii.
631 3540 671 3573 s.
692 3526 759 3575 32
778 3530 832 3572 to
851 3525 934 3574 36.

354 3593 373 3639 1
404 3590 503 3639 Sed
525 3594 713 3654 prima,
735 3597 820 3640 etc.
854 3590 960 3638 Bu't
978 3588 1101 3651 they
1121 3585 1318 3652 quietly
1337 3587 1572 3641 watched
1593 3589 1680 3639 the
1700 3586 1806 3641 first
1825 3587 2136 3641 movemente
2158 3582 2222 3637 οἱ

285 3652 404 3703 civil
419 3655 616 3707 discor-d
637 3669 819 3722 among
838 3655 926 3706 the
948 3655 1183 3706 Romans.
