2459 4075
242 148 326 208 eo
686 233 691 236 -
845 145 917 204 c.
967 96 1212 207 coRN.
1261 140 1571 204 riom.
1647 183 1654 190 ,
1762 163 1819 205 ι.
1850 147 2174 208 mausz.

237 291 625 354 acceleraret
709 291 1035 352 Duodecim
1077 291 1341 371 equitum
1366 298 1605 362 turmae,
1590 290 1694 430 age
1697 289 1808 372 >et
1829 291 1970 349 lecti
1999 311 2033 350 e
2076 311 2180 351 co-

234 369 520 442 hortibus,
561 373 836 432 adversus
866 372 1134 432 hostem
1118 392 1286 432 iere·
1336 372 1547 449 quibus
1657 372 1864 448 juncta
1890 372 2174 447 Ligurum
2233 388 2253 400 ·

237 452 472 522 cohors,
514 458 682 513 vetus
712 453 831 511 loci
852 449 1147 524 auxilium,
1191 460 1251 512 et
1294 452 1592 531 quingenti
1631 451 1851 527 Alpini,
1899 452 1996 528 qui
2024 471 2173 511 non

237 530 372 590 dum
400 496 508 590 su’b
536 531 732 607 signiS.
819 532 950 592 Nec
979 553 1143 591 mora
1162 535 1413 609 proelio:
1457 532 1563 591 sed
1611 531 1735 589 acie
1764 531 1841 589 ita
1869 530 2176 603 instructa,

235 618 300 669 ut
326 631 459 689 pars
507 613 904 683 classicorum,
943 614 1134 672 mixtis
1164 612 1417 689 paganiS,
1448 612 1507 671 in
1530 612 1719 670 colles
1753 611 1899 669 mari
1927 613 2169 688 propin·

233 711 379 769 quos
408 700 770 768 exsurgeret,
821 700 1094 771 quantum
1139 692 1297 752 inter
1322 694 1509 753 colles
1554 711 1624 752 ac
1639 691 1806 750 litus
1848 691 2002 768 aequi
2028 693 2172 764 loci,
2249 697 2270 710 ⁸

232 771 625 848 Praetorianus
653 772 821 832 miles
863 775 1156 849 expleret,
1181 774 1244 832 in
1271 773 1417 867 ipso
1428 773 1573 829 mari
1621 779 1685 829 ut
1716 790 1943 830 annexa
1962 773 2167 831 classis

144 893 157 898 -
233 860 294 910 et
318 869 527 929 pugnae
555 859 772 929 parata,
814 872 1101 912 conversa
1127 861 1187 912 et
1208 853 1420 913 minaci
1449 851 1640 911 fronte
1669 851 2165 928 praetenderetur.

234 931 556 1002 vitelliani,
605 930 813 1023 quibus
858 933 1049 992 minor
1082 934 1344 1010 peditum
1372 934 1483 1003 vis,
1513 933 1571 991 in
1602 932 1801 1008 equite
1830 932 2036 1002 robur,
2065 934 2169 992 Al·-

231 1014 399 1089 pinos
427 1011 708 1089 proximis
727 1013 907 1090 jugiS,
935 1015 1212 1073 cohortes
1254 1014 1448 1072 densis
1478 1012 1777 1071 ordinibus
1826 1020 1961 1088 post
2005 1013 2172 1089 equi·

233 1099 352 1152 tem
364 1092 577 1151 locant.
665 1093 1076 1153 Treverorum
1103 1101 1311 1153 turmae
1340 1094 1607 1152 obtulere
1634 1111 1700 1151 se
1728 1087 1881 1149 hosti
1908 1090 2163 1165 incaute,

134 1239 141 1248 Ν
232 1190 366 1229 cum
387 1172 697 1250 exciperet
721 1180 925 1233 contra
949 1182 1261 1236 veteranus
1303 1174 1494 1244 miles»,
1532 1173 1702 1231 simul
1746 1192 1779 1230 a
1803 1172 1989 1230 latere
2013 1172 2168 1231 saxis

232 1259 471 1326 urgeret
509 1260 641 1331 apta
678 1253 747 1311 ad
783 1254 1120 1346 jaciendum
1167 1255 1340 1313 etiam
1388 1273 1741 1345 paganorum
1772 1267 2013 1311 manus·
2061 1253 2160 1329 qui
2238 1311 2245 1316 ,

233 1332 417 1408 sparsi
445 1333 600 1392 inter
625 1333 860 1403 milites,
883 1334 1105 1393 strenui
1152 1334 1486 1412 ignavique,
1512 1342 1574 1392 tu
1624 1332 1867 1392 victoria
1895 1331 2049 1390 idem
2073 1352 2168 1391 au·

231 1410 461 1470 debant.
543 1412 784 1471 Additus
811 1414 1100 1494 perculsis
1127 1420 1347 1481 terror,
1368 1416 1602 1472 invecta
1636 1414 1696 1472 in
1724 1419 1886 1488 terga
1905 1431 2160 1489 pugnan-

235 1492 375 1549 tium
399 1491 606 1549 classe.
689 1492 776 1549 Ita
821 1485 1075 1570 undique
1102 1493 1324 1552 clausi:
1368 1493 1699 1571 deletaeque
1728 1511 1929 1551 omnes
1976 1493 2176 1570 copiae-

234 1571 448 1639 forent,
475 1570 534 1627 ni
566 1570 853 1630 victorem
894 1573 1219 1634 exercitum
1249 1573 1587 1633 adtinuisset
1613 1575 1925 1632 obscurum
1953 1573 2163 1643 noctis,
2213 1587 2224 1588 ’

239 1650 498 1710 obtentui
525 1648 894 1728 fugientibus,

315 1728 449 1788 XV.
491 1730 622 1790 Nec
671 1729 991 1805 Vitelliani,
1029 1753 1378 1812 quamquam
1404 1734 1567 1805 victi,
1597 1734 1927 1811 quievere.
1973 1731 2176 1792 accitis
2269 1777 2282 1788 ,

239 1808 487 1880 auxiliis,
521 1825 792 1871 securum
812 1813 1040 1872 hostem
1062 1834 1128 1874 ac
1150 1833 1425 1874 successu
1449 1833 1649 1874 rerum
1671 1815 1973 1873 socordius
1996 1832 2169 1889 agen·
2205 1883 2214 1890 ρ

235 1899 355 1950 tem
402 1890 716 1950 invadunt.-
770 1894 909 1953 caesi
958 1894 1186 1970 vigiles,
1229 1902 1537 1973 perrupta
1561 1902 1771 1965 castra,
1815 1894 2170 1971 trepidatum

176 2036 183 2046 Ι
234 1970 385 2049 apud
403 1988 622 2030 naves:
667 1971 878 2046 donec,
905 1974 1154 2034 cedente
1173 1976 1469 2053 paullatim
1491 1981 1670 2046 metu,
1699 1982 1982 2053 occupato
2001 1974 2172 2051 juxta

234 2053 393 2112 colle
434 2052 683 2124 defensi,
724 2073 860 2113 mox
888 2055 1210 2150 inrupere:
1257 2064 1423 2116 atrox
1450 2055 1530 2115 ibi
1560 2056 1776 2127 caedes,
1816 2064 1877 2113 et
1904 2055 2172 2130 Tungra-

230 2151 362 2191 rum
397 2133 728 2193 cohortium
765 2132 1079 2208 Praefecti,
1102 2143 1423 2198 sustentata
1448 2136 1548 2195 diu
1577 2136 1725 2207 acie,
1748 2100 1884 2194 t’elis
1914 2136 2170 2195 obruun-

233 2220 348 2272 tur.
435 2211 530 2272 Ne
558 2212 901 2274 Othonianis
947 2180 1185 2294 qui'dem
1221 2217 1525 2278 incruenta
1579 2206 1825 2275 victoria
1871 2210 1997 2284 fuit,
2028 2232 2169 2290 quo-

234 2287 365 2352 rum
410 2292 721 2385 inprovide
748 2302 982 2354 secutos
1029 2297 1304 2356 conversi
1352 2297 1579 2375 equites
1621 2297 2161 2355 circumvenerunt.

231 2373 317 2433 Ac
337 2375 501 2433 velut
515 2374 699 2450 pactis
726 2373 990 2445 inducii3‚
1018 2393 1094 2433 ne
1121 2376 1260 2434 hinc
1288 2376 1510 2449 classis,
1533 2375 1669 2434 inde
1698 2395 1903 2454 eques,
1925 2374 2171 2432 subitam
2277 2444 2284 2450 ι

229 2451 595 2515 formidinem
621 2451 926 2524 inferrent,
958 2453 1260 2515 Vitelliani
1301 2464 1463 2516 retro
1509 2456 1850 2532 Antipolim,
1894 2453 2165 2512 ‘-Narbo

228 2532 425 2592 nensis
449 2531 659 2590 Galliae
678 2532 1095 2612 municipium:
1140 2535 1455 2596 fflthoniani
1478 2537 1897 2611 Albingaunum
1924 2532 2169 2600 iuterim
2197 2568 2200 2577 ›

233 2614 310 2670 ris
333 2610 611 2684 Liguriae,
643 2620 979 2667 revertero

312 2688 478 2747 XVI.
500 2684 826 2746 -Corsicam
865 2707 932 2746 ac
983 2674 1324 2760 Sardiniam,
1368 2688 1484 2780 (a)
1522 2692 1870 2767 ceterasque
1918 2687 2176 2767 proximi
2256 2716 2260 2720 ·

231 2768 405 2831 maris
441 2766 675 2837 insulae,
719 2765 867 2827 fama
893 2767 1153 2832 victricis
1181 2768 1423 2828 classis
1408 2788 1468 2827 ιιι
1509 2769 1768 2847 partibus
1806 2768 2055 2826 Othonis
2082 2775 2170 2825 te-

233 2849 372 2909 nuit.
458 2845 574 2905 Sed
595 2845 897 2919 Corsicam
924 2842 1115 2926 prope
1138 2847 1361 2907 adflixit
1390 2849 1466 2908 D.
1498 2849 1728 2909 Pacarii
1756 2847 2167 2914 Procuratoris

180 2962 186 2971 ·
230 2927 549 2998 temeritas,
592 2933 748 2986 tanta
791 2929 947 2990 mole
994 2929 1181 3000 belli,
1202 2928 1353 2987 nihil
1401 2929 1461 2988 in
1505 2948 1784 2989 summam
1838 2926 2167 3006 profutura,

233 3009 344 3084 ipsi
387 3007 648 3067 exitiosa.
748 3007 1078 3102 Namque,
1092 3009 1343 3068 Othonis
1396 3009 1554 3081 odio,
1597 3010 1816 3107 juvare
1854 3007 2164 3069 Vitellium

233 3089 551 3148 Corsorum
570 3089 789 3149 viribus
812 3091 1028 3163 statuit,
1063 3086 1216 3150 inani
1245 3089 1479 3162 auxilio,
1502 3082 1704 3149 etiam
1699 3090 1748 3148 si
1770 3088 2164 3166 provenisset.

238 3168 473 3228 Vocatis
520 3169 880 3246 principibus
921 3172 1147 3243 insulae,
1195 3170 1503 3230 consilium
1553 3171 1784 3248 aperit.
1848 3174 1911 3226 et
1953 3174 2166 3227 contre

237 3247 439 3308 dicere
468 3268 654 3321 ausos,
698 3249 1006 3310 Claudium
1039 3216 1395 3353 Phirricum,
1445 3250 1876 3319 Trierarchum
1928 3245 2172 3308 liburni-

302 3424 330 3457 s
366 3407 536 3458 There
556 3420 695 3456 were
709 3409 910 3472 usually
932 3410 1076 3458 three
1095 3409 1327 3460 hundred
1356 3409 1564 3485 cavalry
1572 3407 1747 3470 joined
1765 3412 1819 3457 to
1839 3405 1967 3455 each
1980 3404 2166 3467 legion,

241 3474 352 3524 who
372 3488 511 3523 were
531 3474 693 3523 called
724 3477 823 3523 ala.
891 3475 1042 3536 They
1073 3489 1210 3524 were
1233 3474 1439 3524 divided
1459 3473 1563 3522 into
1578 3481 1666 3524 ten
1682 3481 1853 3524 eurmoe
1885 3487 1942 3521 or
1977 3476 2165 3542 troops,

150 3546 186 3571 ⁹
239 3541 337 3589 und
352 3541 476 3588 each
498 3547 660 3590 turma
670 3538 776 3588 into
791 3540 935 3587 three
955 3541 1177 3599 decurioe,
1193 3556 1252 3589 or
1270 3541 1443 3591 bodies
1461 3542 1519 3589 of
1531 3545 1616 3589 ten
1637 3555 1770 3589 men.

298 3622 332 3657 a
363 3604 570 3656 Corsica
590 3605 688 3654 and
710 3604 940 3654 Sardinia
971 3620 1058 3655 are
1072 3605 1292 3664 islanda
1276 3622 1335 3663 ιι)
1348 3609 1460 3692 that
1479 3610 1596 3669 part
1614 3606 1673 3657 os
1683 3606 1772 3663 the
1792 3603 2159 3664 Mediterrane-

238 3686 298 3724 an
320 3662 481 3723 called
504 3672 591 3727 the
606 3686 695 3722 sea.
706 3671 764 3720 of
775 3669 1002 3737 Liguris
