2459 4075
281 168 350 206 J.
381 169 438 207 e.
473 156 568 208 ιο.
771 148 1103 210 Hls'roe
1146 149 1299 212 mn.
1342 146 1753 222 QUARTUS.
2103 149 2215 205 ιιι)

301 295 556 354 mulatio.
635 295 921 371 ,Abrogat'r
959 296 1113 365 inde,
1141 296 1335 371 legem
1359 295 1590 355 ferente
1619 293 1969 363 Domitiano,
1998 291 2222 350 Consu

304 374 481 444 latus,
531 394 674 451 quos
719 374 993 436 Vitellius
1039 376 1301 436 dederat.
1385 377 1699 451 Funusque
1743 375 2092 432 Censorium
2125 370 2221 451 (x)

303 437 508 514 Flavio
534 454 746 514 Sabino
773 455 1044 528 ductum:
1092 475 1291 531 magna
1313 455 1663 518 documenta
1696 454 1978 514 instabilis
2009 453 2218 514 Fortu-

299 552 416 595 nae
444 553 774 610 summaque
803 538 997 594 etima
1011 536 1327 595 miscentis
1381 547 1385 550 *

344 597 661 674 XLVIII
707 613 823 676 Sub
856 614 1014 676 idem
1055 615 1381 707 tempusL.
1414 615 1550 673 Piso
1586 613 1910 678 Proconsul
1946 610 2222 671 interfici·

298 700 417 754 tur.
474 694 589 760 Ea
614 693 688 751 de
720 696 885 753 caede
914 697 1093 785 quam
1119 695 1426 757 verissime
1474 695 1806 771 expediam,
1833 695 1881 751 si
1910 709 2097 769 pauca
2132 710 2223 752 su·

298 791 408 851 pra
438 775 758 850 repetiero,
797 776 868 836 ab
911 774 1074 831 initio
1122 773 1454 852 caussisque
1508 777 1708 833 talium
1749 773 2072 842 facinorum
2110 790 2227 829 non

299 854 562 912 absurda.
647 854 871 929 Legio
855 875 913 913 ιιι
957 853 1154 911 Africa
1180 855 1505 931 auxiliaque
1531 856 1783 914 tutandis
1814 852 2056 928 Imperii
2093 850 2220 909 fini·

298 934 430 1004 bus,
460 936 569 994 sub
594 934 751 992 Divo
779 936 1039 1009 Augusto
1076 931 1445 1010 Tiberioque
1469 933 1858 1010 Principibus
1882 930 2226 994 Proconsuli

299 1014 615 1090 parebant
688 1013 834 1072 Mox
871 1013 943 1071 C.
968 1014 1192 1084 Caesar,
1225 1013 1489 1072 turbidus
1513 1014 1706 1086 animi,
1736 1033 1802 1071 ac
1831 1013 1916 1071 M.
1944 1014 2221 1081 Silanum,

297 1092 658 1151 obtinentem
677 1092 954 1162 Africam,
972 1101 1261 1164 metuens,
1278 1094 1526 1154 ablatam
1544 1057 1888 1152 Proconsuli
1909 1093 2223 1167 legionem,

299 1171 476 1232 misso
503 1172 564 1228 in
598 1182 726 1230 eam
753 1191 880 1231 rem
911 1174 1126 1249 Legata
1162 1171 1429 1233 tradidit:
1476 1179 1730 1249 aequatus
1757 1172 1912 1230 inter
1950 1171 2092 1228 duos
2119 1171 2224 1228 be·

300 1250 647 1312 aeficiorum
680 1267 957 1311 numerus
1000 1261 1079 1324 et,
1110 1253 1302 1313 mixtis
1330 1253 1631 1344 utriusque
1660 1237 1963 1319 mandatiS‚
2006 1250 2227 1307 discor·

295 1329 396 1388 dia
420 1332 696 1405 quaesita,
742 1341 1023 1408 auctaque
1064 1354 1250 1411 pravo
1291 1333 1634 1392 certamine.
1681 1327 1777 1410 (y)
1851 1328 2228 1404 Legatorum

302 1409 395 1470 vis
421 1411 677 1472 adolevit
719 1412 1092 1474 diuturnitate
1137 1414 1335 1484 officii,
1372 1416 1472 1474 vel
1503 1414 1642 1490 quia
1685 1393 2008 1501 minoribus
2043 1405 2230 1484 major

295 1491 601 1550 aemulandi
638 1507 817 1565 cura3
863 1490 1284 1556 Proconsuium
1315 1492 1815 1571 splendidissimus
1855 1489 2107 1588 quisque
2135 1506 2227 1547 se—

292 1570 537 1630 curitati
557 1572 756 1647 magis,
785 1593 957 1649 quam
984 1576 1264 1651 potentian
1290 1575 1693 1634 consulebant.
1885 1615 1892 1622 -

379 1649 593 1709 XLIX.
639 1652 754 1725 Sed
808 1661 927 1712 tum
975 1656 1268 1730 legionem
1308 1656 1368 1716 ιιι
1415 1655 1615 1716 Africa
1662 1653 1904 1728 regebat
1952 1607 2227 1726 Valerius

298 1728 531 1801 Festus
552 1741 902 1809 sumptuosae
937 1735 1371 1828 adolescentiae.
1397 1753 1598 1814 neque
1622 1734 1848 1794 modica
1873 1732 2139 1810 cupienS,
2170 1736 2232 1788 et

296 1810 602 1872 adfinitate·
620 1809 846 1872 Vitellii
874 1816 1099 1884 anxius.
1158 1817 1244 1877 Is
1283 1818 1510 1880 crebris
1552 1813 1940 1880 sermonibus
1969 1818 2231 1870 tentave-

299 1885 451 1943 ritne
475 1886 749 1944 Pisonem
777 1886 848 1942 ad
872 1904 972 1943 res
997 1905 1200 1956 novaS,
1220 1904 1291 1945 an
1309 1899 1552 1946 tentanti
1565 1896 1872 1957 restiterit
1884 1893 2229 1944 incertum·
2212 1931 2229 1959 ‚

299 1966 568 2043 quoniam
596 1972 828 2028 secreto
858 1984 1063 2025 eorum
1084 1985 1259 2025 nemo
1289 1967 1487 2039 adfuit,
1512 1976 1592 2034 et,
1616 1968 1826 2026 occiso
1840 1965 2074 2033 Pisone
2103 1969 2230 2042 ple-

286 2046 468 2138 »rique
496 2045 565 2104 ad
590 2046 828 2120 gratiam
856 2045 1249 2109 interfectoris
1277 2048 1656 2109 inclinavere.
1743 2045 1875 2111 Nec
1903 2048 2230 2142 ambigitur,

293 2126 657 2220 provinciam
679 2132 740 2182 et
758 2125 1002 2183 militem
1030 2128 1277 2184 alienato
1306 2144 1442 2200 erga
1470 2127 1892 2203 Vespasianum
1916 2126 2108 2185 animo
2139 2127 2224 2185 iu-

296 2208 449 2264 isse.
497 2205 558 2263 et
585 2204 819 2281 quidam
839 2223 875 2261 e
913 2204 1277 2279 Vitellianis,
1295 2209 1442 2264 urbe
1476 2200 1728 2283 prbsugi,
1756 2204 2114 2264 ostentabant
2137 2207 2231 2271 Pi-

290 2284 473 2343 soni‘
503 2292 767 2345 nutantes
779 2282 1026 2357 Gallias,
1050 2294 1305 2363 paratam
1334 2280 1727 2353 Germaniam
1758 2285 2060 2361 pericula
2037 2307 2225 2363 ipsuis

303 2365 488 2423 ‘etin
515 2382 662 2441 pace
689 2373 966 2449 suspecta
990 2368 1168 2427 tutius
1218 2367 1502 2427 bellum?-
1573 2367 1734 2427 Inter
1777 2385 1909 2441 quae
1951 2365 2226 2424 Claudius

298 2444 534 2520 Sagitta,
566 2438 905 2505 Praefectus
914 2447 1021 2505 alae
1051 2447 1331 2518 Petrinus,
1371 2466 1664 2524 prospera
1681 2446 2049 2521 navigatione
2073 2466 2226 2524 prae-

298 2525 463 2583 venit
502 2524 823 2601 Papirium,
860 2525 1303 2598 Centurionem,
1333 2548 1370 2586 a
1391 2527 1663 2589 Muciano
1696 2527 1955 2594 missum,
1986 2527 2225 2586 adseve-

300 2605 627 2682 ravitque‘
661 2606 926 2667 mandata
973 2608 1363 2675 interficiendi
1409 2607 1633 2667 Pisonis
1688 2606 2037 2670 Centurioni
2066 2607 2224 2666 data.

300 2684 647 2745 ‘Cecidisse
703 2684 1099 2758 Galerianum,
1146 2678 1560 2753 consobrinum
1623 2688 1750 2767 ejus
1805 2706 2225 2765 generumque.

295 2771 319 2799 ⁴
349 2764 579 2822 Unam
565 2785 623 2821 ιιι
661 2765 899 2824 audacia
925 2788 1090 2845 spem
1112 2769 1333 2828 salutis.
1417 2769 1536 2828 Sed
1561 2768 1678 2827 duo
1707 2769 1918 2829 itinera
1939 2768 2225 2827 audendi
2210 2813 2225 2840 ,
2293 2812 2296 2817 .

298 2851 317 2878 ‘
349 2864 455 2903 seu
473 2845 674 2907 mallet
698 2847 888 2905 statim
916 2866 1092 2918 arma,
1121 2869 1242 2910 seu
1275 2850 1457 2926 petita
1484 2851 1721 2911 navibus
1751 2848 1818 2905 G
1807 2849 1963 2921 allia,
2006 2849 2229 2909 Ducem

294 2928 325 2959 ⁴⁹
340 2944 406 2982 se
444 2923 769 2989 Vitellianis
811 2928 1168 2987 exercitibus
1197 2929 1555 2991 ostenderet.
1565 2930 1580 2957 ⁹
1666 2927 1830 2985 Nihil
1872 2928 1942 2986 ad
1971 2950 2045 2987 ea
2069 2942 2227 2986 moto

299 3004 535 3075 Pisone,
558 3003 844 3087 Centurio
872 3028 906 3066 a
944 3007 1219 3069 Muciano
1260 3010 1488 3076 missus,
1516 3015 1577 3067 ut
1603 3015 1833 3084 portum
1863 3007 2225 3080 Carthaginis

272 3074 514 3161 adtigit,
544 3084 761 3161 magna
769 3106 919 3153 voce
956 3072 1096 3151 laeta
1132 3086 1329 3151 Pisoni
1366 3087 1575 3157 omina,
1617 3094 1905 3162 tamquam
1944 3086 2224 3163 Principi,

360 3331 399 3364 x
434 3314 613 3365 Funus
628 3320 922 3369 censorium
992 3318 1091 3367 See
1111 3318 1353 3377 Annales
1338 3333 1409 3366 iv.
1437 3320 1515 3365 ¹5.

357 3395 395 3440 y
429 3378 801 3445 Beneficiorum
851 3399 1102 3434 numerus.
1172 3383 1374 3447 Lipsius
1426 3397 1659 3446 supposes
1705 3383 1944 3445 beneficia
1979 3387 2028 3430 to
2077 3398 2144 3430 ιι

299 3444 532 3508 military
552 3449 848 3509 promotion
914 3451 1167 3499 Numerus
1190 3450 1406 3517 siguifies
1425 3451 1575 3514 right,
1597 3449 1726 3512 priv!
1734 3450 1861 3511 leg-,e

370 3510 542 3563 Βιζιιὶιι
549 3520 728 3567 mitate
771 3517 933 3581 ρθῖοιιζ.
1004 3517 1082 3563 Αιι
1116 3517 1249 3580 impe
1223 3489 1347 3565 giial
1369 3518 1645 3567 lientenant
1677 3515 1946 3563 continued
1995 3515 2028 3558 ἐς

299 3579 433 3627 until
452 3580 674 3627 recalled
706 3581 775 3643 by
792 3584 879 3639 the,
895 3583 1168 3647 Emperor,
1202 3572 1359 3634 wlme
1378 3599 1412 3635 a
1430 3580 1694 3651 proconsul
1719 3582 1842 3630 held
1875 3580 1998 3629 his

308 3643 423 3698 four
442 3659 590 3709 years
611 3646 745 3710 only.
