2459 4075
282 178 334 217 J.
366 178 422 217 ο.
455 162 553 216 70.
755 153 1084 215 fflsToR.
1125 153 1279 217 Lm.
1326 117 1732 229 QUARTUS.
2088 161 2201 217 185

288 310 304 336 ‘
336 302 510 364 tinem
539 301 653 382 (m)
680 301 1071 373 miseriarum,
1091 309 1394 380 exspecto.
1475 302 1676 362 Vestri
1702 322 1798 363 me
1824 303 2008 380 pudet
2031 303 2204 366 mise-

284 390 300 415 ‘
336 392 565 460 retque‚
609 383 886 442 adversus
916 399 1058 461 quos
1088 402 1203 441 non
1229 381 1505 460 proelium
1532 393 1593 442 et
1632 384 1789 443 acies
1817 389 2114 460 parantur,
2145 381 2207 440 id

282 468 297 494 ‘
329 464 483 520 enim
510 460 593 520 sas
639 481 928 521 armorum
955 469 1017 521 et
1056 462 1154 540 jus
1195 462 1491 522 hostium:
1535 463 1752 521 bellum
1799 483 1931 526 cum
1980 461 2204 539 Populo

281 547 301 573 ⁸
325 541 582 601 Romano
625 541 838 601 vestris
878 560 947 601 se
975 533 1240 602 manibus
1275 550 1599 617 gesturum,
1649 543 1940 604 Classicus
1981 550 2202 620 sperat,

274 621 295 654 ‘
324 622 762 699 Imperiumque
803 629 865 680 et
890 629 1314 681 sacramentum
1338 622 1658 682 Galliarum
1685 630 1950 683 ostentat.
2036 622 2204 682 Adeo

277 708 292 733 ‘
315 720 441 772 nos,
465 703 516 760 si
536 701 769 760 fortuna
789 701 846 759 in
869 717 1130 780 praesens
1152 703 1457 780 virtusque
1483 703 1766 776 deseruit,
1795 704 1968 766 etiam
1992 710 2203 761 vetera

278 788 293 812 ‘
326 783 601 859 exempla
657 781 935 842 deficiunt
959 803 973 838 ε
1020 781 1287 856 quotiens
1353 781 1631 860 Romanae
1692 782 1958 861 legiones
1989 782 2200 862 'perire

278 866 293 892 ‘
326 862 809 940 praeoptaverint,
855 880 932 920 ne
973 861 1106 919 loco
1152 862 1558 938 pellerentur:
1603 864 1748 923 socii
1793 881 1955 940 saepe
1994 860 2210 929 nostri,

278 946 295 972 ⁴
326 942 587 1000 exscindi
608 941 787 1000 urbes
813 959 964 1011 suas,
992 960 1176 1018 seque
1196 959 1332 1000 cum
1348 941 1686 1017 conjugibus
1708 963 1777 1002 ac
1817 940 2022 1002 liberis
2068 961 2200 1001 cre·

278 1026 295 1052 ⁸
324 1020 490 1091 mari,
514 1023 914 1097 pertulerunt:
960 1039 1155 1097 neque
1173 1018 1329 1080 aliud
1355 1020 1605 1094 pretium
1628 1024 1838 1091 exitus,
1861 1041 2031 1099 quam
2051 1021 2197 1082 fides

150 1109 156 1114 ·
267 1100 621 1175 ·“·1Ξιιιιειεμιθ,.Ῐ
694 1100 983 1159 Tolerant
1027 1119 1161 1159 cum
1209 1097 1458 1157 maxime
1503 1099 1755 1177 inopiam
1793 1101 2196 1179 obsidiumque

279 1184 296 1210 ⁴
321 1179 470 1254 apud
495 1178 715 1238 Vetera
738 1177 841 1257 (n)
883 1180 1167 1254 legiones,
1213 1197 1325 1237 nec
1353 1184 1610 1248 terrore,
1651 1186 1748 1238 aut
1772 1180 2069 1256 promissis
2091 1182 2198 1240 de·

278 1263 297 1289 ⁴
326 1265 653 1317 moventur.
738 1257 948 1327 Nobis,
969 1276 1147 1336 super
1168 1277 1328 1318 arma
1367 1264 1428 1316 et
1452 1257 1612 1324 viros
1642 1267 1701 1317 et
1728 1258 1962 1334 egregia
1980 1269 2197 1328 castro-

272 1342 445 1395 ⁴*rum
473 1338 844 1409 munimenta,
868 1336 1218 1398 frumentum
1248 1345 1307 1396 et
1341 1347 1714 1408 commeatus,
1744 1338 2002 1415 quamvis
2027 1339 2199 1415 longo

273 1423 292 1449 ‘
323 1417 482 1475 bello
530 1437 726 1495 pares.
837 1417 1096 1476 Pecunia
1134 1437 1325 1494 nuper
1377 1416 1550 1476 etiam
1608 1416 1880 1477 donativo
1920 1416 2153 1479 suffecit
2177 1432 2204 1477 ε’

275 1503 291 1532 ‘
323 1497 483 1573 quod
500 1497 627 1556 sive
654 1516 686 1555 a
708 1496 1088 1574 Vespasiano,
1115 1498 1243 1557 sive
1261 1517 1298 1555 a
1319 1495 1584 1566 Vitellio,
1612 1498 1802 1558 datum
1845 1498 2196 1575 interpreta-

276 1582 293 1609 ‘
324 1577 375 1634 ri
427 1579 716 1647 mavultiS,
765 1574 838 1636 ab
890 1577 1258 1654 Imperatore
1305 1584 1470 1637 certe
1539 1576 1799 1637 Romano
1865 1578 2193 1656 accepistis,

277 1661 294 1687 ‘
327 1657 446 1715 Tot
485 1659 772 1717 bellorum
818 1656 1098 1728 victores,
1154 1658 1309 1735 apud
1355 1657 1704 1728 Geldubam,
1752 1658 1905 1736 apud
1952 1657 2194 1730 Vetera,

275 1741 293 1767 ⁶
315 1734 444 1794 fuso
471 1737 681 1797 totiens
709 1738 901 1807 hoste,
929 1737 978 1796 si
1022 1738 1247 1814 pavetis
1284 1737 1491 1806 aciem,
1518 1737 1812 1811 indignum
1832 1738 1891 1796 id
1914 1738 2149 1815 quidem
2175 1763 2190 1798 ;

274 1820 293 1846 ⁶
315 1816 422 1873 sed
447 1825 538 1872 est
561 1818 783 1872 vallum
819 1817 1087 1890 murique
1116 1824 1178 1873 et
1202 1814 1472 1875 trahendi
1500 1822 1676 1885 artes,
1718 1814 1904 1875 donec
1933 1838 1968 1875 e
1995 1819 2195 1894 proxi-

274 1898 291 1924 ‘
314 1892 423 1952 mis
449 1893 767 1969 provinciis
796 1894 1007 1952 auxilia
1034 1896 1447 1971 exercitusque
1464 1893 1828 1954 concurrant.
1914 1896 2062 1958 Sane
2085 1915 2195 1974 ego

272 1977 288 2003 ⁴
318 1972 656 2052 displiceam
685 1996 698 2030 :
745 1981 876 2032 sunt
901 1975 999 2032 alii
1025 1973 1247 2049 Legati,
1289 1974 1566 2050 Tribuni,
1606 1973 1890 2033 Centurio
1915 1976 2194 2056 denique,

270 2058 287 2085 ⁸
317 2060 416 2112 aut
435 2053 623 2118 miles.
707 2050 804 2110 Ne
831 2054 947 2112 hoc
987 2054 1311 2130 prodigium
1333 2061 1456 2113 toto
1495 2062 1784 2115 terrarum
1807 2056 1952 2114 orbe
1988 2058 2191 2131 vulge-

270 2139 288 2164 ‘
314 2140 433 2203 tur,
459 2133 629 2191 vobis
653 2132 1016 2202 satellitibus,
1056 2131 1312 2191 Civilem
1338 2140 1398 2191 et
1426 2131 1747 2192 Classicum
1786 2134 2007 2193 Italiam
2032 2135 2192 2194 inva-

272 2219 289 2244 ⁸
320 2230 511 2270 suros.
594 2213 708 2280 An,
729 2211 780 2269 si
807 2211 879 2269 ad
918 2210 1129 2271 moenia
1168 2211 1336 2289 urbis
1371 2211 1649 2271 Germani
1694 2212 1967 2289 Gallique
2012 2214 2191 2273 duxe-

268 2299 287 2324 ‘
320 2291 458 2360 rint,
486 2309 644 2351 arma
667 2293 870 2366 patriae
917 2289 1231 2357 inferetis}
1306 2289 1534 2350 Horret
1562 2292 1781 2350 animus
1827 2292 1965 2350 tanti
1994 2292 2191 2369 flagitii

269 2378 291 2404 ⁴
319 2369 586 2445 imagine.
670 2369 943 2431 Tutorin’
974 2371 1253 2439 Trevero
1300 2379 1542 2446 agentur
1567 2370 1880 2431 excubiae?
1961 2372 2193 2448 Signum

269 2458 287 2484 ⁸
315 2452 463 2510 belli
487 2450 734 2508 Batavus
771 2448 965 2509 dabit?
1045 2451 1469 2511 Germanorum
1509 2457 1773 2510 catervas
1800 2451 2192 2529 supplebitis?

271 2538 290 2564 ⁴
321 2529 446 2607 quis
493 2529 706 2589 deinde
731 2531 977 2589 sceleris
1005 2530 1238 2589 exitus?
1279 2549 1412 2590 cum
1445 2529 1720 2588 Romanae
1764 2532 2024 2607 legiones
2051 2551 2189 2590 con-

266 2617 286 2644 ⁴
317 2617 409 2669 tra
452 2610 808 2671 direxerint:
868 2607 1179 2686 transfugas
1215 2628 1251 2668 e
1299 2608 1626 2685 transfugis,
1659 2618 1735 2669 ‘et
1774 2611 2106 2688 proditores
2153 2633 2190 2672 e

272 2695 293 2723 ‘
319 2690 735 2765 proditoribus,
780 2691 940 2750 inter
985 2708 1195 2750 recens
1238 2698 1300 2748 et
1351 2698 1519 2750 vetus
1556 2699 1973 2753 sacramentum
2018 2691 2190 2765 invisi

271 2777 289 2802 ⁶
324 2769 468 2828 Deis
489 2771 803 2830 errabitis?
885 2770 1003 2847 Te,
1030 2769 1274 2846 Jupiter
1299 2771 1524 2849 optime
1541 2766 1817 2843 manime,
1866 2792 2040 2851 quem
2078 2793 2191 2850 per

267 2857 284 2884 ‘
308 2848 668 2925 octingentos
690 2849 891 2927 viginti
917 2866 1116 2919 annos,
1157 2857 1244 2909 tot
1263 2850 1572 2929 triumphis
1599 2850 1906 2923 coluimus,
1934 2860 2017 2924 te,
2045 2853 2188 2924 Qui-

269 2936 285 2963 ‘
310 2930 462 2999 tine,
486 2928 758 2989 Romanae
781 2947 995 3007 parens
1015 2930 1198 2998 urbiS,
1222 2949 1440 3007 precor
1465 2950 1865 3008 venerorque,
1898 2940 1981 3001 ut,
2010 2932 2057 2989 si
2086 2952 2188 2991 vo·

268 3017 285 3043 ⁸
315 3009 405 3069 bis
432 3028 548 3067 non
574 3008 682 3069 fuit
702 3010 889 3078 cordi,
916 3026 1010 3067 me
1054 3008 1234 3075 Duce,
1267 3009 1402 3067 haec
1442 3016 1630 3067 castra
1656 3010 2000 3085 inconrupta
2020 3018 2081 3068 et
2099 3012 2185 3069 in·

268 3095 592 3148 ‘temerata
641 3088 891 3157 servari,
918 3095 975 3147 at
1008 3094 1172 3145 certe
1201 3086 1382 3162 pollui
1424 3086 1766 3163 soedarique-
1794 3109 1828 3146 a
1867 3090 2095 3150 Tutore
2125 3098 2187 3150 et
2297 3158 2304 3165 .

266 3175 283 3201 ‘
309 3168 570 3227 Classico
612 3189 688 3227 ne
723 3168 935 3227 sinatis.
1023 3165 1305 3226 Militibus
1352 3165 1625 3225 Romanis
1670 3175 1765 3225 aut
1803 3169 2189 3231 innocentiam

255 3256 282 3293 fi
300 3247 473 3317 detis,
502 3255 598 3307 aut
617 3256 897 3307 maturam
919 3254 981 3306 et
1004 3247 1128 3307 sine
1157 3266 1308 3307 noxa
1331 3246 1773 3324 poenitentiam.’

344 3326 503 3385 LIX.
549 3328 729 3389 Varie
753 3334 1006 3405 excepta
1027 3327 1233 3398 oratio,
1262 3329 1415 3386 inter
1439 3346 1607 3406 spem
1634 3334 1964 3406 metumque
1986 3327 2056 3387 ad
2076 3349 2184 3408 pu-

324 3551 374 3586 m
404 3533 642 3587 Hostium
680 3545 739 3588 ut
754 3538 933 3601 finem.
1013 3537 1213 3601 Lipsius
1251 3549 1484 3603 supposes
1518 3541 1605 3590 the
1642 3546 1760 3591 true
1800 3540 2009 3609 reading
2029 3544 2081 3593 to
2112 3539 2177 3589 be
2443 3554 2444 3601 ι

255 3608 457 3668 porcum
479 3603 698 3666 afluent,
717 3618 776 3652 or
795 3604 1049 3653 honestum
1070 3605 1309 3667 utfinem.

319 3683 358 3718 π
398 3667 592 3721 Vetera.
660 3669 756 3720 See
778 3669 877 3720 this
891 3669 1041 3729 book,
1056 3684 1101 3726 s.
1117 3669 1263 3720 xviii.
1287 3672 1402 3737 note
1428 3670 1529 3737 (12.)
2303 3700 2443 4024 A
