2459 4075
284 161 365 219 80
601 175 612 200 ¹
857 158 934 218 C.
981 156 1226 217 coRN.
1274 153 1580 220 norm.
1796 177 1853 215 Α.
1884 176 1943 217 υ.
1975 105 2032 218 c.
2065 151 2203 218 822.

209 349 218 362 ,
275 311 341 362 te
362 301 648 373 exercitu,
679 306 695 335 ⁸
725 307 787 361 ut
810 301 1085 361 libertum
1118 320 1307 373 suum,
1333 302 1670 373 Asiaticum,
1706 298 1981 379 Equestri
2021 303 2205 380 digni-

278 388 298 415 “
329 389 444 441 tate
471 381 756 451 donaret,’
787 380 1149 441 inhonestam
1176 381 1557 442 adulationem
1596 381 1937 458 compescit.
2024 383 2208 453 Dein,

277 461 594 521 mobilitate
641 460 878 537 ingenii,
902 463 1055 539 quod
1075 463 1264 539 palam
1298 464 1597 537 abnuerat,
1626 460 1781 519 inter
1800 468 2030 520 secreta
2059 482 2202 521 con-

276 541 418 600 vivii
440 540 682 617 largitur
703 563 719 613 ς
762 541 1184 619 honoravitque
1206 542 1520 600 Asiaticum
1545 539 1789 611 annulis,
1804 538 2019 600 soedum
2039 559 2201 600 man-

278 619 496 697 cipium
520 627 580 679 et
608 621 770 678 malis
788 621 1005 679 artibus
1032 619 1415 680 ambitiosum.
1532 625 1539 630 ’

356 699 578 759 LVIII.
624 700 836 757 lisdem
888 700 1118 770 diebus,
1175 707 1192 732 ⁸
1234 698 1550 759 accessisse
1592 699 1853 774 partibus
1894 703 2201 776 utramque

277 784 293 811 ⁴
319 777 759 847 Mauretaniam,
804 778 1114 838 interfecto
1158 778 1552 838 Procuratore
1581 777 1835 847 Albino,'
1866 778 2046 836 nuntii
2090 797 2202 837 ve-

229 923 242 932 ,
271 876 436 916 nere.
518 858 770 916 Luceius
792 858 1056 928 Albinus,
1085 878 1119 915 a
1146 857 1388 918 Nerone
1435 858 1814 916 Mauretaniae
1844 856 2200 917 Caesariensi

270 937 641 1013 praeposituS,
668 937 855 995 addita
881 956 994 1013 per
1028 937 1272 995 Galbam
1300 938 1624 1013 Tingitanae
1661 936 1984 1012 provinciae
2020 937 2199 995 admi-

265 1016 627 1084 nistratione,
652 1017 802 1075 haud
828 1016 1173 1093 spernendis
1194 1017 1420 1076 viribus
1462 1016 1683 1092 agebat.
1768 1013 2195 1076 Novemdecim

263 1097 560 1165 cohortes,
612 1096 865 1173 quinque
903 1097 1256 1173 alae,ingens
1290 1095 1626 1155 Maurorum
1666 1112 1943 1152 numerus
1972 1095 2191 1167 aderat,

266 1194 380 1252 per
426 1176 727 1234 latrocinia
762 1183 821 1234 et
854 1184 1065 1253 ,raptus
1101 1197 1134 1234 a
1176 1182 1235 1235 ta
1276 1177 1436 1234 bello
1463 1191 1682 1234 manua.
1767 1172 1941 1232 Caeso
1983 1174 2190 1245 Galba,

266 1253 327 1313 in
348 1255 643 1326 Othonem
664 1273 904 1331 pronus,
934 1275 1043 1315 nec
1072 1258 1121 1312 A
1147 1256 1268 1314 rica
1294 1263 1617 1321 contentus,
1641 1251 1959 1329 Hispaniae,
1988 1272 2190 1330 angus-

266 1341 327 1392 to
363 1335 516 1394 freto
548 1334 627 1414 (t)
657 1335 986 1410 diremptae,
1018 1335 1350 1393 inminebat.
1439 1336 1579 1394 Inde
1625 1331 1838 1398 Cluvio
1880 1332 2031 1390 Rufo
2061 1352 2183 1392 me·

153 1449 157 1453 -
268 1420 400 1471 tus:
449 1423 464 1448 ‘
490 1423 551 1471 et
582 1413 862 1471 decimam
904 1414 1192 1488 legionem
1223 1413 1622 1505 propinquare
1666 1411 1863 1481 litori‚’
1903 1420 1965 1469 ut
2001 1419 2187 1471 trans·

265 1493 564 1556 missurus,
609 1490 782 1567 jussit
808 1512 821 1548 :
886 1494 1173 1568 praemissi
1226 1492 1642 1564 Centuriones,
1699 1491 1795 1568 qui
1843 1490 2189 1550 Maurorum

264 1570 481 1629 animos
531 1570 772 1628 Vitellio
820 1571 1199 1630 conciliarent
1225 1594 1239 1630 :
1287 1592 1480 1651 neque
1527 1575 1766 1632 arduum
1807 1566 1933 1641 suit,
1986 1573 2194 1646 magn'a

265 1668 377 1726 per
397 1650 725 1726 provincias
754 1649 1089 1709 Germanici
1119 1652 1414 1710 exercitus
1438 1651 1604 1712 fama.
1684 1650 2074 1726 Spargebatur
2100 1652 2186 1708 in-

261 1747 463 1805 super,
519 1736 534 1762 ‘
567 1729 788 1805 spreto’
843 1728 1242 1790 Procuratoris
1273 1739 1288 1765 ‘
1313 1735 1630 1803 vocabulo,
1660 1729 1928 1788 Albinum
1964 1730 2185 1805 insigne

264 1815 278 1841 ‘
306 1808 526 1882 Regis‚’
553 1815 613 1866 et
627 1808 662 1863 J
668 1810 796 1865 ubae
822 1816 836 1842 ‘
857 1828 1068 1868 nomen
1097 1812 1424 1888 usurpare.‘

339 1886 495 1945 LIX.
543 1888 629 1945 lta
669 1889 890 1947 mutatis
920 1890 1141 1961 animis,
1179 1891 1414 1952 Asinius
1442 1889 1655 1961 Polli0‚
1699 1891 1807 1948 alae
1836 1886 2180 1961 PraefectuS,

256 1986 291 2026 e
314 1966 601 2026 fidissimis
630 1969 860 2039 Albino,
884 1975 944 2026 et
973 1966 1179 2028 Festus
1209 1991 1273 2028 ac
1319 1970 1537 2050 Scipio,
1559 1969 1887 2030 cohortium
1923 1969 2180 2028 Praefec·

255 2048 321 2118 ti,
344 2048 770 2125 opprimuntur.
857 2049 991 2124 Ipse
1031 2051 1293 2120 Albium,
1330 2051 1466 2110 dum
1488 2071 1523 2110 e
1547 2051 1852 2125 Tingitana
1878 2050 2184 2126 provincia

254 2128 682 2188 Caesariensem
702 2128 1119 2188 Mauretaniam
1141 2132 1310 2207 petit,
1341 2131 1612 2208 adpulsus
1634 2130 1790 2187 litori
1814 2129 2173 2188 trucidatur:

251 2227 405 2267 uxor
427 2209 574 2284 ejuS,
603 2228 731 2269 cum
753 2227 819 2266 se
856 2211 1296 2285 percussoribus
1327 2210 1651 2279 obtulisset,
1673 2209 1843 2267 simul
1872 2207 2182 2281 interfecta

258 2297 378 2347 est:
425 2289 566 2346 nihil
608 2307 833 2358 eorum,
872 2307 1001 2363 quae
1040 2289 1273 2357 fierent,
1309 2288 1551 2348 Vitellio
1588 2290 1967 2366 anquirente:
2010 2287 2182 2347 brevi

257 2368 447 2428 auditu
495 2367 757 2444 quamvis
794 2385 995 2439 magna
1040 2368 1342 2437 transibat,
1393 2370 1561 2445 inpar
1599 2369 2181 2443 curisgravioribus.

256 2456 271 2481 ‘
304 2447 644 2506 Exercitum
684 2444 895 2502 itinere
943 2446 1211 2503 terrestri
1254 2449 1529 2524 pergere'
1562 2449 1771 2524 jubet:
1816 2447 1945 2523 ipse
1989 2449 2177 2505 Arare

254 2525 487 2585 flumine
520 2523 616 2606 (u)
646 2523 977 2594 devehitur,
1017 2525 1178 2583 nullo
1208 2525 1524 2604 Principali
1571 2534 1796 2604 paratu,
1825 2526 1928 2584 sed
1966 2534 2176 2585 vetere

253 2611 510 2679 egestate
533 2603 882 2680 conspicuus
905 2624 918 2659 ε
966 2602 1059 2683 (υ)
1079 2605 1268 2663 donec
1296 2606 1331 2660 J
1336 2606 1502 2663 unius
1552 2607 1799 2677 Blaesus,
1828 2606 2174 2680 Lugdunen-

250 2684 328 2740 sis
350 2681 556 2738 Galliae
590 2681 831 2751 Rector,
859 2701 1077 2755 genere
1099 2684 1348 2754 inlustri,
1377 2687 1566 2761 largus
1599 2685 1786 2745 animo
1832 2691 1891 2743 et
1912 2704 2021 2761 par
2048 2684 2173 2761 opi·

245 2762 380 2830 bus,
406 2761 798 2819 circumdaret
819 2760 1077 2837 Principi
1124 2763 1465 2834 ministeria,
1513 2764 1891 2823 comitaretur
1916 2765 2173 2823 liberali-

244 2847 375 2911 ter3
419 2858 494 2898 eo
538 2836 667 2916 ipso
694 2841 968 2914 ingratuS,
999 2844 1261 2917 quamvis
1289 2844 1485 2901 odium
1534 2842 1805 2903 Vitellius
1848 2843 2171 2902 vernilibus

241 2919 531 2980 blanditiis
553 2920 797 2978 velaret.
886 2919 1108 2978 Praesto
1134 2920 1300 2982 fuere
1323 2922 1587 2998 Lugduni
1623 2923 1954 2982 victricium
1986 2923 2168 2981 victa-

246 3018 492 3077 rumque
511 3000 758 3077 partium
778 2997 979 3058 duces.
1094 3001 1402 3061 Valentem
1427 3008 1488 3059 et
1528 3001 1841 3073 Caecinam,
1892 3021 2003 3079 pro
2031 3019 2168 3061 con-

246 3083 415 3138 cione
439 3080 718 3150 laudatoS,
747 3078 930 3139 curuli
959 3099 1079 3138 suae
1104 3081 1540 3157 circumposuit.
1626 3081 1768 3139 Mox
1791 3091 1807 3116 ‘
1833 3082 2167 3141 universum

242 3169 258 3194 ‘
291 3156 617 3220 exercitum
654 3176 970 3219 occurrere
1015 3159 1212 3219 infanti
1248 3161 1390 3219 filio’
1410 3161 1619 3236 jubet:
1667 3162 2070 3238 perlatumque
2108 3168 2169 3219 et

234 3237 635 3319 paludamento
663 3244 929 3315 opertum
951 3237 1078 3296 sinu
1102 3240 1384 3308 retinen5‚
1410 3248 1426 3274 ‘
1451 3240 1885 3307 Germanicum’
1907 3240 2164 3316 adpella-

233 3320 339 3394 vit,
358 3317 649 3395 cinxitque
671 3317 893 3377 cunctis
916 3315 1157 3378 fortunae
1189 3320 1532 3395 Principalis
1555 3320 1866 3396 insignibus
1894 3342 1907 3376 :
1955 3321 2164 3378 nimius

302 3539 323 3583 t
353 3532 582 3595 Angusto
596 3532 767 3595 frelo:
802 3534 888 3583 the
906 3536 1067 3584 straits
1084 3537 1141 3587 of
1155 3538 1434 3587 Gibraltar.

296 3614 333 3651 u
365 3597 539 3652 Amr,-
577 3612 607 3643 a
638 3596 777 3645 river
797 3600 855 3648 os
879 3600 1045 3658 Gaul;
1079 3617 1193 3652 now
1214 3604 1303 3651 the
1321 3605 1500 3652 Saone.
1599 3617 1604 3620 ·

284 3677 321 3712 v
353 3663 454 3713 For
476 3658 562 3710 the
583 3667 806 3714 extreme
822 3672 1037 3733 poverty
1051 3666 1110 3715 os
1135 3667 1388 3725 Vitellius,
1408 3681 1490 3715 see
1515 3665 1655 3715 Suet.
1675 3664 1729 3743 in
1745 3663 1901 3715 Vitel..
1917 3675 1956 3711 s.
1973 3660 2021 3709 7.
