2459 4075
92 197 99 266 i

90 273 97 384 Ξ

86 449 93 554 Γ

86 587 91 676 t

253 131 309 170 s.
334 129 393 169 c.
424 113 523 169 68.
783 104 1111 167 HISTOR.
1155 106 1307 228 1:113.
1354 105 1676 166 PRIMUS.
2089 115 2167 174 45

261 253 674 332 Principatum,
715 254 947 314 scelere
975 254 1305 329 quaa-itum,
1357 254 1545 314 subita
1571 252 1853 314 modestia
1873 260 1939 312 et
1981 255 2174 330 prisca

260 336 542 412 gravitate
615 333 898 394 retineri:
964 334 1082 392 -sed
1137 334 1473 393 discrimine
1534 333 1721 400 urbis,
1798 341 1859 392 et
1909 336 2173 411 periculo

263 416 501 498 Senatus
541 417 764 484 anxius,
805 421 1104 491 postremo
1141 414 1558 490 itavdisseruit:
1606 421 1624 447 6
1655 412 1870 490 Neque
1896 421 1963 472 ut
1988 414 2175 473 adsec-

261 504 275 529 ‘
304 502 395 554 tus
437 502 668 555 vestros
715 496 775 553 in
821 513 1076 555 amorem
1122 496 1234 553 mei
1281 494 1689 563 accenderem,
1734 492 2178 565 commilitones,

262 583 278 611 ‘
307 594 503 652 neque
530 584 594 634 ut
628 575 879 634 animum
926 576 995 633 ad
1014 577 1296 634 virtutem
1316 575 1665 633 cohortarer
1703 573 1980 653 (utraque
2028 574 2183 632 enim

260 665 276 689 6
306 656 544 731 egregie
571 653 913 733 supersunt)
958 655 1067 713 sed
1110 656 1249 713 veni
1291 655 1688 731 postulaturus
1741 672 1775 711 a
1820 654 1989 712 vobis
2036 661 2180 711 tem·

262 743 279 769 6
310 744 715 813 peramentum
743 741 956 793 vestrm
985 735 1351 804 fortitudinis,
1378 742 1441 791 et
1487 752 1624 807 erga
1669 751 1763 791 me
1806 736 2040 792 modum
2088 752 2181 792 ca-

262 828 278 853 ‘
309 815 514 874 ritatiS.
602 815 913 873 Tumultus
966 815 1219 892 proximi
1266 815 1511 882 initium,
1558 831 1674 874 non
1718 814 2034 891 cupiditate
2086 814 2187 874 vel

263 906 281 933 ⁴
311 896 468 965 odio,
497 914 629 972 quae
659 895 866 958 multos
910 894 1212 953 exercitus
1254 895 1314 951 in
1354 892 1700 951 discordiam
1743 912 1945 971 egere,
1992 913 2059 953 ac
2108 909 2184 953 ne

204 1025 214 1040 ,
262 987 279 1013 6
310 974 732 1034 detrectatione
776 974 1007 1051 quidem
1037 983 1147 1034 aut.
1179 972 1485 1031 formidine
1530 972 1965 1047 periculorum:
2011 974 2188 1033 nimia

264 1063 285 1090 6
313 1054 502 1129 pietas
528 1060 746 1120 vestra,
775 1053 964 1110 acrius
992 1072 1167 1129 quam
1193 1051 1635 1119 consideratius,
1663 1053 1954 1111 excitavit.
2036 1053 2188 1112 Nam

269 1142 286 1167 ‘
317 1150 481 1206 saepe
508 1130 780 1190 honestas
806 1150 1007 1188 rerum
1033 1148 1285 1199 caussas,
1312 1131 1371 1187 ni
1415 1125 1700 1203 judicium
1726 1131 2020 1200 adhibeas,
2052 1152 2188 1209 per-

271 1220 289 1247 6
319 1210 526 1268 niciosi
572 1208 762 1267 exitus
789 1217 1245 1285 consequuntur.
1332 1209 1487 1267 Imus
1510 1209 1578 1265 ad
1600 1210 1857 1267 bellum:
1901 1229 2036 1268 num
2074 1230 2192 1270 om-

269 1300 285 1326 ‘
315 1309 422 1347 nes
464 1288 694 1347 nuntios
721 1290 909 1365 palam
937 1289 1143 1357 audiri,
1187 1290 1377 1345 omnia
1401 1288 1643 1347 consilia
1667 1289 1892 1348 cunctis
1933 1309 2191 1366 praesen-

266 1378 284 1406 6
315 1371 469 1427 tibus
495 1368 751 1437 tractari,
794 1368 940 1428 ratio
982 1388 1182 1427 rerum
1225 1377 1321 1426 aut
1358 1369 1726 1428 occasionum
1774 1371 2055 1429 velocitas
2094 1389 2195 1448 pa·

266 1460 283 1486 ‘
316 1449 498 1508 titur?
538 1454 652 1506 tam
692 1450 924 1506 nescire
953 1449 1215 1526 quaedam
1258 1448 1493 1519 milites,
1535 1467 1705 1524 quam
1729 1451 1910 1519 scire,
1939 1457 2191 1526 oportet.

263 1538 286 1564 6
317 1529 405 1587 Ita
444 1547 510 1587 se
554 1527 782 1588 Ducum
830 1529 1160 1604 auctoritas,
1198 1527 1283 1586 sic
1324 1528 1483 1604 rigor
1525 1529 1850 1605 disciplinas
1893 1530 2090 1606 habet,
2134 1538 2194 1590 ut

270 1618 288 1643 ‘
319 1609 500 1668 multa
524 1607 696 1666 etiam
744 1606 1136 1668 Centuriones
1167 1607 1584 1685 Tribunosque
1613 1616 1828 1668 tantum
1861 1610 2062 1686 juberi
2096 1629 2198 1673 ex-

267 1697 288 1723 ‘
317 1688 533 1765 pediat.
618 1687 700 1757 Si,
747 1689 848 1746 ubi
882 1688 1223 1763 jubeantur,
1273 1706 1545 1765 quaerere
1585 1689 1822 1764 singulis
1869 1691 2064 1760 liceat,
2091 1709 2198 1766 pe-

273 1774 290 1803 ‘
321 1776 531 1830 reunte
558 1768 842 1844 obsequio
890 1770 1062 1826 etiam
1103 1768 1417 1843 imperium
1458 1767 1770 1828 intercidit.
1856 1771 1945 1827 An
1991 1778 2052 1828 et
2078 1769 2199 1828 illic
2239 1781 2250 1792 '

271 1855 292 1882 6
324 1854 507 1906 nocte·
524 1848 865 1924 intempesta
890 1848 1195 1924 rapientur
1239 1866 1397 1906 arma
1412 1848 1452 1907 '3‘
1478 1866 1624 1906 unus
1667 1850 1896 1907 alterve
1936 1850 2199 1927 perditus

276 1934 293 1961 6
325 1946 390 1985 ac
417 1928 767 1987 temulentes
798 1924 1020 2005 (neque
1067 1926 1225 1985 enim
1264 1928 1467 2002 plures
1508 1931 1973 1987 consternatione
1988 1929 2201 2006 'proxi-

275 2013 292 2042 ‘
322 2025 418 2066 ma
462 2006 740 2065 insanisse
787 2005 1171 2085 crediderim)
1214 2005 1589 2065 centurionis
1642 2027 1707 2065 ac
1756 2008 2012 2065 Tribuni
2074 2027 2201 2067 san-

277 2095 292 2121 ‘
323 2088 500 2162 guine
527 2105 731 2144 manus
746 2085 985 2143 inbuet?
1022 2087 1399 2159 Imperatoris
1420 2086 1510 2143 sui
1526 2088 1842 2144 tentorium
1868 2089 2203 2165 inrumpet?

358 2163 692 2223 LXXXIV.
739 2172 755 2198 ‘
790 2164 913 2224 Vos
964 2163 1200 2240 quidem
1242 2164 1529 2240 istud-pro
1565 2183 1700 2223 met
1735 2164 1819 2244 (s)
1858 2167 1961 2224 sed
2005 2169 2060 2224 in
2089 2169 2203 2226 dis-

277 2253 295 2280 ‘
324 2254 505 2304 cursu
552 2262 618 2302 ac
647 2244 908 2304 tenebris
936 2250 997 2302 et
1036 2261 1238 2302 rerum
1286 2245 1537 2302 omnium
1559 2242 1897 2303 confusione
1939 2246 2207 2323 patefieri

274 2327 293 2360 ‘
324 2325 554 2384 occasio
582 2325 755 2385 etiam
783 2323 1062 2382 adversus
1089 2342 1183 2381 me
1233 2331 1446 2399 potest.
1530 2324 1590 2381 Si
1619 2324 1863 2384 Vitellio
1891 2332 1951 2384 et
1991 2327 2206 2385 satelli-

280 2411 297 2438 ‘
329 2404 482 2463 tibus
531 2404 658 2480 ejus
687 2404 941 2479 eligendi
986 2403 1230 2464 facultas
1258 2404 1452 2474 detur,
1501 2423 1675 2481 quem
1722 2405 1890 2464 nobis
1938 2409 2210 2479 animum,

278 2490 296 2518 6
330 2503 470 2560 quas
513 2491 740 2542 mentes
766 2483 1171 2561 inprecentur,
1197 2483 1335 2560 quid
1375 2483 1550 2554 aliud,
1580 2487 2123 2561 quam-seditionem
2150 2492 2213 2547 et

270 2570 296 2601 ·‘
327 2563 696 2632 discordiam,
725 2562 1051 2640 optabunt?
1091 2582 1166 2620 ne
1194 2562 1364 2621 miles
1412 2563 1779 2634 Centurioni,
1807 2586 1882 2625 ne
1924 2565 2209 2627 Centurio

282 2650 298 2676 ‘
331 2642 602 2702 Tribuno
649 2646 1038 2721 obsequatur:
1080 2642 1220 2719 >hinc
1273 2642 1523 2713 confusi,
1566 2644 1794 2720 pedites
1837 2649 2214 2725 equitesque,

282 2730 298 2756 ‘
332 2723 405 2795 in·
421 2723 666 2783 exitium
687 2742 937 2783 ruamus.
1021 2722 1290 2781 Parendo
1312 2724 1526 2799 potius,
1564 2726 2008 2803 commilitones,
2038 2747 2208 2804 quam

281 2808 297 2835 ‘
332 2802 578 2877 imperia
609 2803 841 2862 Ducum
864 2802 1235 2872 sciscitando,
1260 2821 1355 2861 res
1377 2803 1653 2862 militares
1682 2805 2084 2865 continentur:
2112 2800 2212 2886 (t)

286 2889 302 2915 6
336 2888 399 2939 et
437 2880 781 2943 fortissimus
821 2883 880 2940 in
906 2884 1048 2959 ipso
1095 2881 1433 2941 discrimine
1470 2885 1764 2943 exercitus
1791 2892 1903 2957 est,
1932 2885 2034 2963 qui
2061 2894 2214 2946 ‘ante

281 2966 298 2993 6
329 2959 646 3021 discrimen
699 2962 1108 3038 quietissimus.
1217 2961 1402 3019 Vobis
1479 2980 1639 3021 arma
1696 2969 1756 3021 et
1823 2965 2040 3023 animus
2093 2964 2205 3024 sit:

286 3047 302 3073 6
333 3038 477 3098 mihi
521 3042 828 3101 consilium
878 3049 938 3100 et
1001 3041 1231 3100 virtutis
1278 3049 1496 3101 vestrae
1551 3041 1810 3115 regimen
1877 3043 2211 3120 relinquite.
2259 3063 2278 3071 ”

286 3127 302 3153 6
339 3119 666 3181 Paucorum
695 3124 870 3199 culpa
886 3119 1022 3191 suit,
1059 3120 1307 3179 duorum
1354 3140 1528 3197 poena
1574 3121 1724 3179 erit:
1768 3125 1955 3182 ceteri
1983 3125 2213 3183 abolete

283 3206 300 3232 ‘
334 3200 675 3263 memoriam
723 3200 1054 3261 foedissimae
1095 3199 1321 3259 noctis:
1388 3219 1499 3260 nec
1544 3199 1672 3259 illas
1714 3200 1990 3262 adversus
2038 3204 2213 3282 Sena·

354 3432 378 3464 s
411 3415 518 3466 Pro
540 3432 629 3466 mc.
696 3416 814 3466 You
840 3398 928 3465 did
943 3416 1041 3465 this
1064 3432 1126 3464 on
1139 3430 1227 3480 my
1252 3420 1496 3476 account;
1529 3433 1609 3469 vos
1624 3417 1664 3466 is
1691 3417 1995 3468 nominative
2011 3419 2063 3464 to
2083 3427 2217 3465 some

288 3481 420 3531 verb
446 3482 764 3540 understood,
782 3483 1001 3545 perhaps
1022 3486 1137 3532 ausi
1158 3487 1290 3532 estis.
1708 3509 1718 3530 ι
2088 3538 2100 3549 ,
2199 3533 2223 3544 ,,

358 3555 378 3598 t
413 3546 543 3596 This
557 3548 670 3596 rul'e
687 3549 743 3597 of
750 3548 977 3609 military
991 3546 1370 3598 subordination
1388 3548 1552 3597 stands
1563 3546 1833 3598 confirmed
1843 3546 1915 3606 by
1930 3544 2224 3602 emenoe

292 3611 342 3661 in
365 3626 522 3676 every
542 3628 636 3680 age
655 3614 755 3664 and
776 3617 1009 3677 country.
1233 3656 1272 3735 ,6
