2459 4075
1195 0 1307 8 *qv-v·—
1402 0 1527 9 rj—uvu
1631 2 1656 5 —-
1729 2 1762 5 *—
1789 2 1840 10 ---

1481 11 1506 24 ,α

327 178 381 218 s.
411 177 467 216 c.
500 165 600 219 70.
823 157 1150 218 ffls‘roR.
1200 158 1355 220 LlB.
1400 159 1783 232 QUINTUS.
2134 163 2253 220 219

337 311 355 339 ‘
385 306 647 381 posuisse
666 326 684 362 e
730 303 865 364 ttinc
891 291 1145 365 infensos
1189 307 1416 367 Batavis
1461 306 1643 377 Deos,
1683 325 1816 365 cum
1863 304 2272 367 obsiderentur

338 391 357 421 ‘
386 385 666 461 legiones,
713 385 1189 446 interficerentur
1214 385 1438 464 Legati,
1480 388 1699 444 bellum
1727 386 1825 443 uni
1844 385 2274 460 necessarium,

340 464 572 522 §ferale
614 464 754 541 ipsis
801 473 1148 525 sumeretur.
1236 467 1492 526 Ventum
1512 467 1580 524 ad
1609 474 1893 534 extrema,
1934 466 1991 522 ni
2031 466 2266 541 resipis·

328 551 361 582 “
386 563 528 603 cere
576 543 873 621 incipiant,
921 553 984 605 et
1028 546 1186 605 noxii
1227 546 1432 626 capitis
1473 565 1647 622 poena
1684 545 2079 622 poenitentiam
2125 545 2268 604 sate·

339 631 356 659 ⁸
386 624 595 682 antur.’
1499 663 1514 672 a
1561 677 1566 684 ,
1773 643 1788 652 f

416 702 640 761 XXVI.
683 702 821 762 Non
845 701 1352 764 fefellit-Civilem
1377 723 1448 763 ea
1479 703 1793 774 inclinatio,
1838 711 1899 761 et
1934 693 2269 780 praevenire

334 782 568 842 statuit:
613 801 796 859 super
820 784 1055 844 taedium
1077 783 1384 852 malorum,
1425 785 1598 843 etiam
1628 802 1735 861 spe
1776 783 1936 853 vitae,
1974 802 2104 860 quae
2133 784 2261 873 ple·

278 925 287 936 „
332 880 580 938 rumque
607 881 840 938 magnos
873 864 1091 922 animos
1139 860 1411 937 infringit.
1498 861 1688 923 Petito
1735 863 2069 939 conloquio,
2116 881 2267 920 scin·

332 941 489 1000 ditur
508 940 564 998 N
570 943 768 1001 abaliae
815 942 895 1035 (t)
920 942 1170 1001 fluminis
1191 960 1339 1018 pons
1366 963 1381 1000 ε
1428 941 1485 999 in
1507 945 1673 1020 cujus
1701 945 1943 1019 abrupta
1970 942 2266 1019 progressi

333 1020 1376 1179 Piffi‘deer‘ess'‘'Assiluimfass‘t’ipsszo
1411 1022 2281 1184 eznssfffiez'ffltficffissz}

333 1186 351 1214 ‘
379 1180 720 1239 debebatur.
821 1182 1044 1240 Cuncta
1088 1183 1242 1239 inter
1300 1188 1410 1242 nos
1452 1179 1703 1249 inimica,
1744 1181 1994 1248 hostilia,
2044 1182 2114 1237 ab
2162 1180 2264 1238 illo

333 1265 353 1293 ⁴
380 1265 575 1335 coepta
599 1279 632 1317 a
658 1279 752 1319 me
800 1268 967 1319 aucta
1007 1266 1195 1318 erant.
1280 1258 1435 1335 Erga
1466 1259 1882 1338 Vespasianum
1927 1266 2095 1318 vetus
2122 1259 2264 1318 mihi

336 1346 353 1374 ⁶
383 1340 789 1399 observantia:
835 1347 917 1411 et,
965 1358 1095 1399 cum
1141 1336 1403 1416 privatus
1450 1348 1630 1411 esset,
1677 1339 1845 1398 amici
1891 1340 2263 1400 voc-bamur.

335 1425 353 1453 ⁸
383 1417 515 1477 Hoc
545 1417 741 1477 Primo
768 1420 1017 1478 Antonio
1046 1426 1267 1488 notum,
1308 1418 1475 1493 cujus
1503 1419 1765 1497 epistolis
1794 1419 1864 1476 ad
1903 1418 2124 1477 bellum
2173 1437 2267 1477 ac·

333 1506 350 1533 ⁸
378 1499 524 1556 citus
570 1517 716 1568 sum,
764 1519 839 1557 ne
879 1499 1249 1557 Germanicas
1290 1498 1572 1573 legiones,
1620 1506 1682 1557 et
1720 1497 1946 1557 Gallica
1980 1499 2263 1575 juventus

330 1585 348 1613 ‘
377 1579 559 1655 Alpes
587 1580 1048 1640 transcenderet.
1134 1577 1282 1648 Quae
1326 1579 1610 1637 Antonius
1653 1578 1938 1654 epistolis,
1964 1576 2062 1657 (u)
2104 1578 2261 1637 Hor·

328 1665 347 1692 ⁴
376 1657 616 1716 deonius
670 1659 916 1716 Flaccus
969 1675 1234 1734 praesens
1279 1658 1572 1728 monebat,
1622 1677 1781 1716 arma
1835 1659 1895 1716 in
1947 1657 2263 1717 Germania

327 1745 345 1773 ⁴
376 1738 554 1805 movi,
584 1756 712 1813 quas
741 1736 1042 1795 Mucianus
1070 1737 1129 1795 in
1168 1736 1361 1813 Syria,
1401 1738 1661 1814 Aponius
1687 1740 1749 1797 in
1774 1736 2003 1809 Moesia,
2032 1736 2259 1797 Flavia·

328 1824 349 1851 ⁴
374 1836 482 1875 nus
509 1817 569 1874 in
598 1816 890 1887 Pannonia
912 1817 928 1844 ’
965 1815 1061 1899 (v)
2055 1813 2061 1826 '

397 2001 418 2044 t
451 1989 668 2042 Nabalia
687 2006 792 2041 was
811 1992 899 2041 the
913 2003 1061 2041 nme
1082 1992 1140 2041 os
1166 1991 1255 2041 the
1274 1990 1486 2042 ehennel
1520 1991 1668 2042 made
1696 1991 1767 2056 by
1787 1989 1986 2043 Drusus
2006 1993 2133 2045 from
2163 1992 2252 2046 the

334 2059 502 2109 Rhine
523 2063 578 2107 to
597 2058 685 2105 the
700 2057 837 2106 river
851 2059 985 2121 Sela.
1054 2058 1149 2106 See
1166 2058 1297 2107 Anu.
1313 2059 1368 2109 ii.
1391 2074 1429 2108 s.
1451 2064 1499 2107 8.

394 2141 434 2174 u
467 2125 667 2173 Letters
691 2137 828 2171 were
860 2129 970 2172 sent
1004 2122 1130 2171 from
1153 2123 1414 2181 Antonius,
1433 2123 1656 2183 exciting·
1675 2121 1857 2172 Civilis
1878 2128 1932 2172 to
1951 2139 2076 2182 war,
2097 2124 2148 2172 in
2165 2140 2247 2174 or·

331 2190 423 2239 der
443 2190 689 2238 tohinder
724 2189 811 2236 the
832 2189 1102 2254 hgiuuen
1131 2188 1217 2237 the
1253 2188 1569 2238 Rhion-ben
1587 2189 1848 2254 mrohing
1866 2190 2022 2239 tothe
2042 2196 2251 2255 support

332 2257 390 2306 os
402 2255 654 2313 Vitellius,
673 2252 726 2302 in
741 2255 887 2317 Italy.
956 2256 1050 2303 See
1074 2254 1206 2304 Hist.
1223 2253 1296 2304 iv.
1311 2270 1350 2302 s.
1378 2257 1450 2304 13.
1695 2292 1700 2295 .

398 2339 426 2372 v
461 2323 574 2371 The
595 2326 696 2370 rest
714 2320 863 2369 osthe
887 2319 1098 2382 Histoi-y
1115 2320 1156 2369 is
1170 2320 1285 2378 lost,
1305 2321 1404 2368 and
1424 2319 1552 2367 with
1572 2320 1616 2368 it
1631 2321 1718 2370 the
1737 2319 1872 2388 siege
1884 2321 1943 2371 os
1944 2320 2244 2384 Jerusalem,

330 2388 454 2439 with
473 2389 560 2438 the
580 2387 743 2452 teigne
763 2386 1113 2452 ofVespnsiun,
1128 2387 1277 2438 Titus
1297 2386 1397 2437 and
1416 2385 1695 2441 Domitian.

1259 2622 1308 2651 ιιι]
1337 2630 1342 2639 ι
