2459 4075
223 162 331 222 122
793 164 866 224 C.
913 161 1157 225 CORN.
1205 157 1514 224 TACITI.
1728 177 1787 221 ι.
1817 177 1876 223 υ.
1909 179 1964 225 c.
1997 163 2134 224 822.

215 311 228 342 ⁸
260 307 618 382 Magistratu,
642 326 834 385 neque
849 310 1140 386 legelata,
1156 311 1328 369 alium
1354 307 1657 367 suffectum
1681 307 1722 367 ι’
1763 328 1892 368 nam
1914 308 2139 368 Consul

211 406 326 445 uno
340 388 435 445 die
463 396 525 445 et
554 397 684 446 ante
702 388 889 446 fuerat
917 389 1188 449 Caninius
1218 389 1482 458 Rebilus,
1513 386 1698 468 (y)C.
1720 387 1963 448 Caesare
1995 389 2135 449 D'rc-

210 473 419 536 tatore,
446 486 580 528 cum
608 469 751 525 bel'li
778 468 966 526 civilis
992 469 1235 546 praemia
1256 468 1684 527 festinarentur.

291 545 632 604 XXXVIII.
679 547 833 605 Nota
858 567 970 625 per
991 567 1092 606 eos
1110 549 1236 606 dies
1262 548 1298 602 J
1303 563 1422 605 unu
1450 546 1627 604 Blaesi
1649 565 1807 605 mors
1834 555 1896 606 et
1921 546 2137 607 famosa

209 624 349 684 fuit:
395 626 469 683 de
499 645 609 703 qua
644 627 729 685 sic
777 628 1124 703 accepimus.
1207 628 1393 686 Gravi
1439 628 1707 720 corporis
1732 630 1937 687 morbo
1972 646 2137 704 aeger

212 701 505 765 Vitellius.
590 705 927 764 Servilianis
948 708 1154 772 hortis,
1173 706 1382 765 turrim
1397 705 1591 765 vicino
1613 705 1779 765 sitam
1799 708 2136 778 conlucere,

211 804 324 861 per
370 793 625 855 noctem,
671 786 899 843 crebris
951 785 1262 845 luminibus
1303 785 1726 844 animadvertit.
1812 785 2138 846 sciscitanti

210 884 488 933 caussam,
519 866 709 942 ‘apud
756 863 1052 924 Caecinam
1099 865 1362 924 Tuscum
1402 865 1633 941 epulari
1663 867 1897 937 multOS,
1929 868 2138 959 praecio

213 953 435 1022 ‘puum
464 946 688 1004 honore
717 944 955 1003 Junium
986 946 1283 1035 Blaesum‚’
1318 947 1645 1003 nuntiatur:
1693 952 1894 1004 cetera
1925 949 1985 1006 in
2016 963 2134 1006 ma

201 1024 321 1099 J'uS,
344 1025 468 1082 de‘
498 1025 772 1117 adparatu
801 1031 861 1083 et
899 1026 1101 1084 solutis
1148 1025 1208 1083 in
1234 1025 1536 1084 lasciviam
1565 1024 1802 1086 animis:
1789 1026 1829 1061 ·'
1872 1045 1983 1085 nec
2026 1027 2129 1085 de-

209 1102 401 1175 fuere,
426 1104 524 1182 qui
546 1106 732 1182 ipsum
756 1106 1013 1163 Tuscum
1042 1112 1103 1164 et
1139 1104 1304 1175 alios,
1331 1105 1436 1163 sed
1468 1104 1833 1164 criminosius
1848 1104 2131 1177 Blaesum,

208 1183 558 1256 incusarent,
619 1194 635 1220 ‘
692 1184 867 1263 quod,
922 1204 1081 1261 aegro
1150 1184 1449 1261 Principe,
1505 1184 1671 1242 laetos
1718 1185 1842 1243 dies
1891 1193 2108 1262 ageret.
2117 1188 2134 1216 ’

210 1263 328 1323 Ubi
358 1273 686 1342 asperatum
732 1266 1058 1336 Vitellium,
1087 1271 1148 1324 et
1175 1284 1351 1342 posse
1381 1265 1638 1323 Blaesum
1682 1268 1971 1342 perverti,
1999 1267 2137 1329 satis

209 1347 391 1422 patuit
411 1346 505 1416 iis,
550 1347 646 1422 qui
678 1346 1011 1422 Principum
1037 1344 1305 1414 offensas,
1334 1348 1549 1403 acriter
1569 1347 1963 1420 speculantur,
1985 1346 2133 1408 datae

209 1425 279 1483 L.
319 1425 563 1484 Vitellio
604 1425 907 1483 delationis
944 1432 1160 1501 partes.
1249 1425 1359 1482 Ille
1394 1423 1873 1494 infensusBlaeso
1902 1428 2133 1485 aemula·

209 1506 367 1563 tione
388 1522 591 1580 prava,
622 1504 777 1580 quod
799 1523 952 1573 eum,
982 1506 1136 1562 omni
1157 1503 1454 1561 dedecore
1486 1505 1874 1575 maculosum,
1903 1507 2156 1582 egregiu-

210 1583 356 1642 sama
399 1585 669 1653 anteibat,
698 1574 1027 1642 cubiculum
1077 1585 1455 1659 Imperatoris
1494 1591 1740 1654 reserat,
1783 1584 1964 1643 filium
2005 1586 2136 1663 ejus

197 1665 335 1722 ‘sinu
364 1665 705 1777 complexus
750 1670 808 1723 et
853 1664 1097 1739 genibus
1136 1663 1438 1722 accidens:
1484 1677 1742 1721 caussam
1785 1663 2139 1725 confusionis

212 1743 563 1823 ιιῙιιειιϊιιιιῐι,ι
590 1761 703 1801 ιιοιι
732 1763 795 1802 se
835 1745 1079 1821 proprio
1126 1750 1308 1813 metu,
1336 1762 1448 1801 nec
1489 1745 1574 1801 sui
1613 1743 1864 1814 anxium,
1893 1745 1997 1803 sed
2023 1760 2140 1823 pre

210 1823 459 1893 ‘fratre,
501 1842 612 1900 pro
666 1824 867 1883 liberis
910 1823 1126 1896 fratris,
1169 1835 1383 1914 preces
1422 1822 1804 1899 lacrimasque
1842 1824 2130 1884 adtulisse.

213 1904 504 1961 Frustra
547 1903 789 1981 Vsespa
775 1922 963 1963 lanum
1007 1904 1223 1972 timeri,
1282 1921 1455 1980 quem
1502 1910 1589 1961 tot
1636 1903 2004 1963 Germanicae
2044 1907 2133 1965 le-

213 1984 480 2061 ιεἱειειειε»,
510 1991 594 2045 tot
625 1984 943 2062 provinciae
976 1984 1195 2044 virtute
1230 2002 1295 2041 ac
1323 1983 1461 2054 fide,
1483 1985 1702 2043 tantum
1737 1983 1990 2063 denique
2012 1992 2132 2046 ter·

211 2083 224 2101 ⁶
260 2084 452 2124 rarum
502 2084 567 2124 ac
611 2066 784 2124 maris
831 2065 1127 2124 immensis
1171 2064 1393 2158 spatha,
1438 2071 1649 2123 arceat.
1745 2065 1812 2122 In
1854 2067 2006 2124 urbe
2068 2085 2161 2125 ac.

213 2146 386 2204 ‘sinu
424 2146 745 2205 cavendum
791 2147 1041 2217 hostem,
1082 2145 1119 2201 J
1125 2163 1286 2204 unios
1329 2146 1723 2220 Antoniosque
1752 2162 1890 2204 avos
1906 2145 2134 2237 jactan-

212 2232 398 2296 ‘tem,
428 2226 528 2304 qui
549 2246 613 2286 se
641 2226 825 2305 stirpe
851 2191 1258 2303 Impeiatoria‚
1288 2242 1514 2283 comem
1543 2243 1610 2282 ac
1637 2225 1998 2300 magnificum
2026 2226 2134 2284 mi-

183 2367 189 2371 <
211 2270 471 2376 quibas,
495 2314 765 2366 ostentet.
851 2306 1221 2363 Versasilluc
1248 2304 1502 2362 omnium
1518 2310 1766 2374 mentes,
1783 2305 1921 2363 dum
1944 2302 2131 2365 Vitel-

210 2387 387 2457 wius,
410 2387 725 2445 amicorum
765 2385 1248 2461 inimicorumque
1275 2384 1595 2460 negligens,
1624 2381 1822 2443 foveat
1842 2387 2134 2457 aemulum,

211 2466 548 2542 ‘Principis
592 2466 828 2522 lobores
876 2462 970 2544 (z)
1002 2483 1039 2521 e
1085 2463 1357 2522 convivio
1396 2470 1887 2541 prospectantem.
1974 2465 2131 2523 Reda

210 2547 502 2604 ‘dendam
554 2563 665 2621 pro
708 2545 1116 2636 intempestiva
1156 2543 1358 2603 laetitia
1410 2552 1672 2602 moestam
1721 2551 1782 2602 et
1827 2542 2134 2604 funebrem

211 2633 509 2693 ‘noctem,
538 2644 649 2698 qua
675 2624 819 2691 sciat
840 2631 899 2682 et
925 2625 1154 2695 sentiat,
1183 2625 1391 2683 vivere
1420 2621 1720 2682 Vitellium
1751 2631 1813 2684 et
1836 2624 2131 2702 imperare

210 2711 337 2772 ‘et‚
365 2703 412 2760 si
443 2703 580 2778 quid
609 2702 724 2765 fato
746 2703 963 2762 accidat
990 2702 1170 2763 filium
1198 2702 1466 2762 habere)

169 2848 184 2859 .
289 2778 568 2839 XXXIX.
617 2781 963 2858 Trepidanti
1020 2784 1177 2841 inter
1222 2784 1423 2842 scelus
1463 2789 1825 2860 metumque,
1853 2802 1928 2843 ne
1955 2784 2135 2844 dilata

208 2860 385 2921 Blaesi
408 2881 564 2920 mors
597 2870 873 2921 maturam
914 2863 1261 2940 perniciem,
1302 2864 1490 2940 palam
1514 2861 1677 2938 jussa
1705 2871 1961 2923 atrocem
1982 2865 2131 2923 invi-

207 2942 384 3014 diam,
441 2941 647 3015 ferret,
695 2943 914 3021 placuit
959 2961 1188 3002 veneno
1235 2941 1501 3019 grassari.
1612 2943 1845 3002 Addidit
1894 2943 2134 3003 faemori

269 3148 307 3200 y
340 3138 455 3189 The
466 3140 766 3206 consulship,
786 3138 838 3191 in
857 3142 945 3191 the
967 3139 1089 3189 time
1111 3138 1169 3188 os
1196 3137 1284 3188 the
1305 3135 1578 3200 Republic,
1595 3152 1700 3186 was
1721 3153 1785 3187 an
1820 3126 2006 3186 annual
2022 3151 2134 3186 ma-

209 3201 455 3267 gistracy·
488 3206 584 3254 but
598 3206 767 3256 Julius
789 3207 974 3265 Caesar‚
995 3206 1046 3254 in
1067 3192 1208 3254 haste
1228 3210 1283 3254 tc
1313 3203 1514 3252 reward
1534 3203 1610 3251 his
1646 3202 1846 3261 friends,
1867 3203 2136 3251 shortened

209 3269 297 3318 the
319 3268 550 3340 duration
571 3272 628 3320 of
635 3274 721 3320 the
744 3274 899 3329 office,
921 3273 1018 3320 and
1034 3264 1292 3320 advanced
1311 3270 1505 3318 several
1526 3273 1580 3318 to
1613 3269 1726 3317 that
1743 3268 1939 3331 dignity
1954 3268 2136 3319 within

210 3335 298 3382 the
316 3332 453 3395 year.
521 3335 606 3384 He
622 3352 725 3386 was
745 3338 951 3385 himself
963 3337 1064 3386 sole
1101 3338 1290 3394 consul,
1311 3337 1372 3386 A.
1396 3334 1461 3384 U.
1499 3333 1563 3384 C.
1581 3334 1710 3392 709,
1745 3335 1811 3383 he
1833 3333 2096 3397 resigned
2081 3349 2135 3382 ιιι

211 3398 389 3447 favour
405 3401 463 3448 of
475 3400 662 3448 Fabius
678 3403 933 3453 Maximus
948 3404 1045 3451 and
1067 3402 1223 3452 Caius
1254 3401 1538 3452 Trebonius
1560 3401 1610 3449 N
1611 3416 1743 3462 epos
1812 3402 1929 3450 The
1949 3401 2135 3455 former

212 3464 366 3528 dying
381 3481 445 3513 on
461 3467 549 3513 the
564 3481 710 3528 very
708 3467 805 3514 last
820 3466 954 3529 day
939 3483 992 3515 m
1023 3469 1110 3516 the
1131 3482 1271 3530 year,
1291 3468 1358 3516 he
1381 3465 1661 3541 appointed
1687 3465 1930 3516 Caninius
1953 3460 2135 3515 Rebu‘-

211 3532 292 3579 lus
307 3536 359 3578 to
380 3530 453 3578 fill
475 3527 562 3578 the
584 3531 861 3596 remaining
881 3547 1043 3594 space.

279 3614 307 3645 z
342 3597 607 3663 Principis
629 3599 830 3649 labores.
898 3598 1016 3647 The
1035 3596 1245 3663 languid
1266 3597 1517 3648 condition
1540 3597 1597 3649 uf
1604 3598 1696 3647 the
1717 3594 1998 3661 Emperor.
