2459 4075
225 181 369 228 rec.
397 169 497 228 69.
588 149 603 165 ’
680 163 1015 224 HISTOR.
1057 162 1215 226 LIB.
1260 159 1705 228 SECUNDUS.
2070 163 2149 230 δῖ
2222 225 2228 232 ,

310 311 473 372 vm.
517 312 634 372 Sub
661 312 816 372 idem
845 318 1077 391 tempus
1103 312 1327 372 Achaia
1363 320 1534 393 atque
1572 312 1711 372 Asia
1736 309 1879 373 falso
1906 313 2154 376 exterri-

235 400 330 469 tae,
359 392 518 450 velut
542 392 707 451 Nem
735 392 1115 453 adventaret:
1161 394 1329 452 vario
1356 412 1533 473 super
1569 394 1731 453 exitu
1758 394 1884 470 ejus
1906 410 2159 469 rumore,

121 527 128 533 .
230 490 413 550 eoque
435 472 697 549 pluribus
723 473 1094 533 vivere-eum
1120 473 1469 551 fingentibus
1496 474 1615 554 (m)
1642 471 2158 551 credentibusque.

227 552 580 611 Ceterorum
608 571 776 611 casus
817 560 1175 633 conatusque
1220 554 1280 613 in
1310 561 1589 613 contextu
1633 556 1829 633 operis
1856 552 2119 613 dicemus
2140 572 2161 612 ι

222 637 358 691 tunc
386 650 595 690 servus
625 652 660 691 e
704 633 916 703 Ponto,
942 635 1098 712 sive,
1136 642 1200 694 ut
1247 635 1343 695 alii
1374 635 1692 705 tradidere,
1739 633 2047 693 libertinus
2090 649 2162 693 ex

230 712 412 782 ltalia,
434 712 675 772 citharae
698 720 759 772 et
788 721 990 773 cantus
1018 715 1245 791 peritus
1267 713 1451 792 (unde
1478 715 1587 784 illi,
1624 733 1807 793 super
1840 713 2160 772 similitudi·
2209 756 2228 766 -

160 825 169 840 ι
227 811 361 851 nem
410 795 554 862 oris,
582 794 829 871 propior
855 795 921 851 ad
965 793 1279 853 fallendum
1309 793 1488 874 fides)
1521 794 1805 873 adjunctis
1846 793 2164 852 desertori·

229 873 357 942 bna,
402 893 550 950 quos
614 874 811 951 inopia
855 893 1032 951 vagos
1080 873 1403 951 ingentibus
1432 876 1732 953 promissis
1779 881 2159 952 conruperat‚

230 971 393 1011 mare
418 953 741 1029 ingreditur
767 978 782 1028 3
828 973 916 1026 ac,
946 953 1004 1013 vi
1024 961 1435 1031 tempestatum
1462 954 1761 1033 Cythnum
1788 954 2033 1012 insulam
2061 953 2162 1016 de*

226 1039 425 1091 trusus
455 1042 513 1091 et
540 1036 785 1092 militum
827 1034 1107 1110 quosdam
1156 1052 1229 1091 ex
1279 1034 1529 1093 Oriente
1576 1034 2023 1093 commeantium
2063 1032 2190 1100 ad·‚

226 1113 427 1184 scivit,
450 1114 545 1169 vel
592 1113 911 1170 abnuentes
939 1114 1189 1170 interfici
1200 1105 1405 1188 jussit,
1434 1120 1494 1171 et
1518 1113 1779 1191 spoliatis
1798 1111 2164 1188 negotiatori·-

201 1193 362 1259 -bus,
415 1191 832 1268 mancipiorum
863 1191 1317 1250 valentissimum
1348 1207 1633 1269 quemque
1663 1199 1926 1249 armavit.
2006 1191 2162 1250 Cen·

230 1269 644 1347 tutionemque
674 1271 995 1340 Sisennam,
1038 1272 1294 1339 dextras,
1318 1271 1646 1330 concordiae
1676 1269 1939 1346 insignia,
1969 1269 2164 1350 Syria·

232 1349 293 1407 ci
335 1349 632 1408 exercitus
676 1350 907 1410 nomine
936 1352 1005 1422 ad
1054 1349 1445 1410 Praetorianos
1473 1350 1783 1421 ferentem,
1830 1349 2006 1408 variis
2034 1349 2168 1409 arti-

228 1429 342 1487 bus
366 1430 668 1505 adgressus
697 1438 787 1489 est
811 1454 827 1489 :
870 1431 1058 1491 donec
1086 1432 1348 1502 Sisenna,
1377 1433 1524 1508 clam
1565 1432 1773 1491 relicta
1796 1430 2002 1501 insula,
2044 1437 2163 1490 tre·-

224 1511 395 1586 pidus
420 1512 500 1568 ‘et
519 1510 637 1569 vim
663 1518 929 1570 metuens
956 1510 1296 1587 aufugeret:
1342 1511 1474 1570 inde
1492 1512 1605 1571 late
1633 1519 1851 1580 terror,
1873 1511 2067 1570 multis
2095 1501 2165 1569 ad

230 1590 634 1650 celebritatem
681 1592 926 1651 nominis
954 1592 1193 1662 erectis,
1222 1610 1420 1651 rerum
1473 1600 1757 1670 novarum
1798 1591 2072 1669 cupidine
2101 1597 2164 1650 et

230 1670 360 1729 odio
383 1671 784 1747 praesentium.

312 1752 416 1808 IX.
467 1750 830 1809 Gliscentem
856 1751 914 1809 in
963 1750 1090 1809 dies
1114 1749 1323 1810 famam
1351 1750 1471 1812 sors
1508 1750 1797 1812 discussit.
1880 1748 2165 1810 Galatiam

233 1850 300 1890 ac
327 1831 735 1914 Pamphyliam
783 1832 1114 1908 provincias
1157 1831 1484 1910 Calpurnio
1523 1831 1834 1909 Asprenati
1883 1830 2165 1923 regendas

232 1910 414 1970 Galba
437 1912 830 1987 permiseratt
875 1912 1024 1969 datae
1076 1931 1111 1969 e
1155 1913 1342 1970 classe
1369 1910 1686 1969 Misenensi
1714 1913 1844 1970 duae
1892 1918 2167 1970 triremes

233 1991 299 2050 ad
318 1990 818 2070 prosequendum,
846 2010 978 2050 cum
1006 1991 1212 2069 quibus
1239 1990 1539 2082 Cythnum
1566 1990 1805 2050 insulam
1827 1992 2035 2061 tenuit,
2067 1988 2168 2081 (n)

118 2081 129 2093 “
234 2070 362 2132 Nec
382 2070 661 2140 defuere,
688 2072 789 2147 qui
834 2072 1191 2128 trierarchos
1219 2088 1453 2128 nomine
1481 2069 1738 2128 Neronis
1764 2071 2027 2149 accirent
2058 2092 2072 2127 ι
2116 2087 2167 2126 is

233 2151 291 2211 in
326 2145 666 2211 moestitiam
696 2150 1076 2225 compositus,
1114 2156 1173 2205 et
1201 2157 1217 2182 ‘
1250 2148 1424 2205 fidem
1449 2166 1684 2205 suorum
1708 2153 1994 2225 quondam
2020 2147 2168 2206 mili·

236 2236 256 2266 ¹
283 2233 427 2291 tum’
463 2229 763 2296 invocans„
793 2234 810 2262 ⁴
835 2233 898 2286 ut
924 2226 1139 2287 eumin
1163 2226 1334 2304 Syria
1347 2225 1401 2306 (s
1448 2231 1544 2284 aut
1568 2224 1825 2306 AEgypto
1850 2224 2167 2308 sisterent,†

239 2313 457 2370 orabat.
547 2307 892 2366 Trierarchi
921 2312 1209 2375 nutantes,
1238 2325 1340 2365 seu
1420 2306 1535 2376 ola,
1577 2313 1595 2341 ‘
1625 2307 2019 2385 adloquendos
2056 2307 2173 2368 sibi

240 2396 259 2424 ‘
276 2392 516 2458 milites,
540 2395 601 2447 et
627 2387 839 2465 paratis
867 2386 1121 2446 omnium
1143 2387 1345 2446 animis
1359 2390 1748 2462 reversuros‚’
1770 2387 2167 2449 firmaverunt·

238 2465 352 2530 Sed
378 2468 694 2547 Asprenati
721 2475 936 2544 cuncta⁴
978 2486 1052 2526 ex
1093 2467 1208 2528 fide
1237 2468 1489 2527 nuntiata
1515 2489 1529 2526 z
1574 2468 1739 2545 cujus
1765 2468 2169 2529 cohortatione

175 2568 183 2578 ·
235 2555 556 2627 expugnata
576 2548 759 2618 navis,
798 2555 858 2606 et
885 2546 1223 2607 interfectus
1254 2545 1510 2625 quisquis
1537 2546 1640 2607 ille
1682 2558 1827 2609 erat.
1912 2549 2169 2628 corpus,

244 2628 462 2706 insigne
493 2628 674 2687 oculis
722 2647 1003 2705 comaque
1032 2635 1094 2688 et
1128 2629 1403 2686 torvitate
1429 2627 1623 2687 vultus
1652 2629 1738 2711 (t)
1760 2630 1820 2690 in
1847 2632 2041 2691 Asiam
2080 2637 2170 2695 at-

241 2726 353 2786 que
377 2708 514 2768 inde
540 2708 781 2767 Romam
799 2715 1148 2785 pervectum
1171 2715 1281 2767 est.

324 2789 398 2848 X.
447 2789 516 2845 In
543 2788 780 2847 civitate
802 2788 1055 2871 discordi
1073 2794 1154 2858 et,
1173 2789 1250 2846 ob
1276 2788 1516 2848 crebras
1542 2786 1878 2869 Principum
1904 2791 2171 2852 mutatio·

243 2886 369 2938 ueS,
396 2870 552 2927 inter
576 2869 910 2928 libertatem
931 2884 999 2926 ac
1021 2867 1314 2931 licentiam
1334 2870 1579 2940 incerta,
1601 2888 1802 2946 parvas
1825 2890 2058 2949 quoque
2077 2879 2175 2931 res

249 2947 466 3024 magnis
495 2947 742 3006 motibus
789 2947 1123 3023 agebantur.
1190 2946 1417 3008 -vibius
1442 2947 1714 3028 Crispus,
1758 2950 2027 3028 pecunia,
2068 2966 2175 3029 po·

240 3223 296 3273 *N
315 3173 364 3209 vn
397 3161 442 3211 A
462 3157 686 3208 number
699 3159 759 3208 of
772 3159 1052 3226 impostor-s,
1072 3164 1128 3209 at
1147 3157 1379 3209 different
1408 3157 1570 3217 times,
1606 3155 1835 3207 assumed
1854 3155 1942 3208 the
1960 3171 2109 3209 namo
2127 3160 2188 3212 os

297 3241 383 3275 ero
400 3261 414 3275 .

317 3307 354 3340 n
389 3291 592 3340 Galatia
612 3291 710 3340 and
747 3291 1063 3356 Pamphylia,
1093 3302 1231 3342 were
1254 3289 1503 3341 countries
1521 3289 1581 3339 os
1608 3288 1729 3341 Asia
1761 3289 1945 3357 Minor.
2012 3286 2176 3357 Cyth-

252 3369 363 3414 nus,
382 3371 473 3405 one
494 3357 552 3405 of
562 3358 653 3405 the
672 3357 853 3406 islands
874 3357 1036 3407 ealied
1071 3358 1159 3406 the
1179 3356 1427 3421 Cyclades
1447 3356 1500 3406 in
1519 3356 1607 3407 the
1638 3356 1829 3422 AEgean
1851 3374 1951 3408 sea.
2016 3358 2174 3408 Mise-

256 3430 394 3482 num,
410 3439 443 3471 a
456 3428 774 3486 promontory
790 3424 847 3474 of
858 3422 1170 3487 Campaniaz
1203 3436 1320 3473 now
1338 3423 1479 3489 Cape
1497 3424 1553 3473 di
1570 3423 1783 3474 memo.

317 3504 341 3536 ε
376 3488 584 3552 Syl-ima
600 3495 813 3553 country
834 3487 891 3538 os
906 3487 953 3538 N
957 3490 1103 3539 ether
1123 3489 1260 3548 Asia,
1278 3488 1511 3539 between
1528 3489 1619 3538 the
1650 3488 2054 3541 Meditari-man
2071 3477 2174 3538 and

258 3548 343 3601 the
357 3553 657 3618 Euphrates,
677 3572 730 3604 so
746 3553 1002 3605 extensive
1023 3556 1135 3604 that
1156 3554 1403 3605 Palestine
1423 3571 1528 3606 was
1547 3553 1836 3606 considered
1855 3559 2016 3619 aput
2034 3555 2094 3603 os
2114 3553 2171 3600 it·

261 3620 484 3732 ae{uirile
516 3635 653 3671 samo
678 3620 889 3685 feroeity
909 3620 1163 3686 appeared
1182 3620 1236 3671 in
1266 3621 1315 3670 N
1317 3621 1442 3674 ero’s
1461 3626 1799 3673 eountename
1825 3618 1955 3670 aster
1972 3618 2041 3666 ho
2065 3626 2174 3664 w

1192 3745 1251 3809 q.
