2459 4075
143 605 178 624 .-

227 144 343 199 126
821 136 894 196 e.
941 137 1187 198 conN.
1234 137 1543 232 ΤᾼςιΤι.
1617 196 1625 200 ,
1734 141 2136 216 naeres.

222 286 517 362 legionum
536 285 884 344 exscindere
905 286 1205 361 parabant.
1226 284 1287 342 ni
1304 283 1605 343 Mucianus
1623 290 1844 343 sextam
1857 284 2147 360 legionem

223 367 617 442 opposuisset,
646 364 1057 425 Cremonensis
1085 364 1348 423 victori‘ae
1395 381 1627 439 gnarus,
1668 383 1735 422 ac
1777 383 1853 421 ne
1902 371 2150 422 externa

220 446 409 504 moles
438 447 728 523 utrimque
769 447 1087 521 ingrueret,
1126 445 1175 502 si
1213 444 1405 502 Dacus
1445 442 1887 521 Germanusque
1923 443 2148 504 diversi

222 527 594 601 inrupissent.
683 525 905 595 Adfuit,
934 534 998 585 ut
1024 542 1182 601 saepe
1214 523 1376 592 alias,
1406 524 1666 581 Fortuna
1693 523 1902 599 Populi
1929 521 2145 594 Roma-

223 607 305 674 ni,
336 625 464 682 quae
493 605 826 666 Mucianum
862 606 1136 681 viresque
1180 602 1443 662 Orientis
1484 601 1627 661 illuc
1676 603 1843 661 tulit:
1889 608 1947 660 et
1990 601 2150 678 quod

185 699 194 710 ¹
223 683 534 743 Cremonae
575 685 806 744 interim
833 683 1231 760 transegimus.
1317 681 1598 741 Fonteius
1626 683 1886 758 Agrippa
1914 680 2030 761 (m)
2068 702 2149 743 ex

222 764 368 821 Asia
394 764 532 842 (pro
560 765 816 823 Consule
854 784 983 822 eam
1026 763 1390 840 provinciam
1434 781 1622 821 annuo
1663 763 1910 839 imperio
1938 770 2146 822 tenue·

224 840 342 921 rat)
384 843 607 903 Moesiae
633 844 978 921 praepositus
1009 851 1099 902 est
1124 865 1138 901 z
1185 842 1391 901 additis
1412 841 1596 919 copiis
1624 862 1658 901 e
1696 843 2009 922 Vitelliano
2038 860 2145 901 ex-

221 924 430 991 ercitu,
459 943 634 999 quem
661 925 853 1000 spargi
880 942 992 999 per
1012 922 1364 1000 provincias,
1390 929 1450 980 et
1485 930 1729 981 externo
1756 923 1915 980 bello
1942 922 2148 997 inliga-

222 993 297 1070 ri,
325 1020 458 1077 pars
506 1004 733 1063 consilii
762 1004 1041 1081 pacisque
1070 1010 1214 1062 erat.
1301 1001 1430 1084 Nec
1457 1010 1672 1061 ceterae
1716 1002 1978 1061 nationes
2005 1002 2144 1060 sile-

219 1082 382 1138 bant.

301 1157 545 1219 XLVII.
575 1161 791 1222 'Subita
807 1173 924 1242 per
953 1162 1201 1222 Pontum
1243 1181 1398 1221 arma
1435 1163 1743 1220 barbarum
1770 1161 2145 1238 mancipium,

222 1239 425 1318 Regiae
455 1243 740 1320 quondam
766 1243 966 1302 classis
994 1242 1337 1311 PraefectuS‚
1373 1249 1641 1301 moverat
1666 1262 1679 1297 ε
1724 1242 1772 1299 is
1799 1238 1909 1299 suit
1936 1239 2147 1298 Anice-

224 1329 336 1392 tus,
367 1322 700 1382 Polemonis
733 1320 827 1403 (n)
858 1324 1127 1392 libertus,
1175 1330 1513 1399 praepotens
1542 1319 1702 1390 olim,
1726 1328 1806 1390 et,
1842 1327 2146 1397 postquam

129 1465 134 1472 f
225 1420 466 1474 regnum
490 1403 547 1460 in
576 1401 816 1459 formam
846 1402 1165 1475 provinciae
1185 1409 1471 1470 verterat,
1489 1400 1820 1458 mutationis
1845 1400 2148 1476 inpatiens».

223 1480 404 1552 Igitur
432 1479 655 1537 Vitellii
703 1478 957 1546 nomine,
1001 1480 1234 1536 adscitis
1274 1480 1566 1552 gentibuS,
1615 1499 1747 1554 quae
1778 1478 2023 1537 Pontum
2050 1479 2143 1536 ad-

221 1558 440 1623 colunt,
477 1563 764 1629 conrupto
808 1556 866 1611 in
894 1575 1060 1631 spem
1105 1557 1429 1632 rapinarum
1478 1558 1851 1631 egentissimo
1890 1576 2145 1636 quoque,

222 1633 376 1691 haud
418 1634 749 1691 temnendae
795 1652 994 1690 manus
1021 1634 1250 1710 ductor,
1297 1635 1763 1711 Trapezuntem,
1799 1636 1890 1716 (ο)
1922 1644 2149 1697 vetusta

223 1711 372 1770 fama
398 1711 714 1780 civitatem,
745 1732 779 1768 a
798 1712 1049 1781 GraeciS,
1088 1713 1147 1772 in
1175 1721 1441 1789 extremo
1470 1714 1729 1773 Ponticae
1777 1734 1898 1775 orae
1948 1717 2148 1776 condi·

223 1798 360 1859 tam,
388 1790 606 1849 subitus
634 1791 873 1868 inrupit.
960 1790 1132 1852 Caesa
1177 1792 1258 1850 ibi
1303 1794 1538 1863 cohors,
1589 1793 1833 1868 Regium
1870 1796 2150 1856 auxilium

223 1869 380 1937 olim,
418 1888 553 1928 mox
587 1871 779 1928 donati
821 1870 1054 1928 civitate
1105 1871 1384 1941 Romana,
1425 1870 1525 1951 (p)
1563 1873 1722 1946 signa
1760 1891 2041 1950 armaque
2089 1877 2152 1936 in

220 1954 477 2006 nostrum
506 1950 760 2019 modum,
782 1949 1061 2008 desidiam
1088 1951 1495 2027 licentiamque
1531 1951 1899 2023 Graecorum,
1929 1955 2150 2014 retine-

224 2028 379 2088 bant.
463 2027 654 2090 Classi
709 2051 944 2109 quoque
981 2028 1147 2091 faces
1174 2030 1389 2101 intulit,
1433 2039 1626 2091 vacuo'
1659 2027 1830 2102 mari,
1880 2032 2147 2109 eludenS‚

221 2109 356 2186 quia
377 2109 720 2171 lectissimas
758 2112 1225 2184 Liburnicarum,
1271 2129 1617 2189 omnemque
1654 2110 1896 2171 militem
1922 2111 2146 2173 Mucia·

211 2208 329 2261 ‘nus
358 2189 708 2266 Byzantium
739 2193 1032 2268 adegerat.
1117 2192 1272 2263 Quin
1300 2198 1361 2249 et
1386 2191 1618 2249 barbari
1646 2193 2021 2267 contemptim
2047 2214 2149 2252 va-

217 2271 513 2342 gabantur,
536 2271 826 2331 fabricatis
849 2279 1095 2347 repente
1118 2272 1380 2337 navibus,
1406 2270 1497 2348 (q)
1527 2270 1573 2350 (‘
1592 2271 1876 2359 ‘camaras’
1907 2271 2144 2352 vocant)

218 2349 390 2406 arctis
427 2350 728 2417 lateribus,
758 2352 872 2405 lata
908 2351 1059 2413 alvo,
1088 2348 1214 2401 sine
1242 2347 1473 2403 vinculo
1503 2366 1637 2406 aeris
1676 2358 1773 2408 aut
1812 2348 1958 2420 ferri
2000 2371 2137 2410 con·
2240 2411 2261 2433 ,

223 2446 411 2486 nexa:
459 2436 520 2485 et
547 2426 763 2485 tumido
790 2423 955 2493 mari,
982 2429 1154 2496 prout
1180 2421 1372 2481 fluxus
1401 2424 1721 2500 adtollitur,
1744 2448 1961 2490 summa
1980 2432 2137 2490 navi·

109 2492 122 2505 '
223 2525 322 2565 um
340 2506 551 2563 tabulis
579 2508 805 2575 augent,
849 2499 1035 2557 donec
1064 2499 1123 2557 in
1164 2501 1399 2561 modum
1424 2505 1564 2565 tecti
1611 2509 1966 2567 claudantur.
2047 2511 2141 2570 Sic

219 2584 375 2642 iuter
401 2582 577 2639 undas
601 2580 935 2647 volvuntur,
963 2579 1090 2655 pari
1119 2580 1407 2660 utrimque
1449 2600 1648 2661 prora,
1677 2596 1737 2646 et
1759 2587 2017 2645 mutabili
2046 2607 2139 2648 re·

224 2658 677 2796 :iggiipfinqgsapdo
699 2657 834 2716 hinc
868 2659 967 2716 vel
1011 2659 1173 2721 illinc
1207 2661 1508 2740 adpellere
1551 2665 1923 2725 indiscretum
1959 2674 2019 2725 et
2054 2667 2140 2725 in—

290 2928 338 2962 m
373 2912 652 2977 According
682 2919 735 2962 to
755 2913 1019 2981 Josephus,
1055 2916 1293 2969 Fonteius
1315 2921 1541 2987 Agrippa
1560 2939 1666 2974 was
1686 2922 1974 2975 afterwards
2006 2937 2146 2973 mur-

223 2978 379 3029 dered
399 2979 468 3042 by
490 2981 576 3029 the
600 2981 918 3033 Sarmatiam.
986 2983 1116 3032 Bell.
1139 2984 1261 3034 Jud.
1282 2984 1419 3037 book
1443 2988 1550 3038 viii.
1572 3005 1616 3039 c.
1638 2995 1687 3040 4.

288 3062 326 3095 n
362 3046 600 3097 Polemon
619 3063 723 3096 was
743 3050 890 3099 made
912 3049 1035 3114 king
1054 3049 1112 3097 os
1141 3049 1326 3100 Pontus
1346 3051 1418 3115 by
1448 3053 1718 3120 Caligula;
1753 3054 1870 3113 and,
1906 3052 2033 3102 after
2066 3054 2144 3103 his

223 3111 392 3171 death,
423 3115 511 3162 the
533 3115 770 3178 kingdom
802 3131 908 3164 was
942 3116 1272 3180 changed-by
1292 3117 1431 3168 Nero
1462 3118 1566 3169 into
1599 3137 1630 3170 a
1662 3122 1861 3170 Roman
1892 3119 2144 3183 province.

226 3176 509 3237 Suetonius,
529 3180 582 3230 in
605 3181 759 3239 Nero,
779 3197 817 3230 s.
846 3186 921 3233 18.

290 3259 320 3292 o
353 3243 483 3290 Now
510 3245 830 3296 Trebia-unde.

284 3324 321 3371 p
357 3307 555 3381 quti
573 3314 768 3361 civitate
790 3312 1037 3362 Romana.
1101 3312 1311 3378 Having
1329 3314 1561 3364 received
1588 3316 1675 3364 the
1694 3313 2027 3378 privilege'os
2039 3315 2144 3365 Ro·

223 3387 341 3447 man
360 3377 576 3422 citizens.
644 3376 725 3437 By
742 3377 973 3442 granting
990 3379 1079 3426 the
1096 3378 1317 3428 freedom
1336 3380 1394 3430 os
1404 3382 1491 3431 the
1511 3381 1631 3444 city,
1650 3381 1739 3430 the
1761 3380 1983 3431 Romans
2004 3380 2143 3430 drew

223 3437 406 3486 distant
424 3438 637 3488 colonies
657 3440 763 3490 into
782 3442 912 3491 close
931 3443 1158 3491 allianoe.

287 3520 319 3566 q
352 3502 518 3577 'ljhese
533 3518 710 3552 cano-s
729 3519 867 3554 were
882 3524 936 3556 so
954 3507 1101 3571 light,
1120 3510 1233 3557 that
1252 3512 1339 3559 the
1354 3512 1646 3562 barbas-iaus
1663 3511 1981 3577 couldxcarry
2001 3511 2138 3559 them

220 3583 285 3621 on
298 3568 432 3615 their
451 3569 724 3625 shouldern
756 3572 856 3625 and
880 3578 1102 3624 traverso
1121 3575 1293 3626 woods
1313 3578 1412 3628 and
1431 3579 1601 3630 foresta
1636 3579 1854 3629 without
1889 3576 2039 3640 being
2058 3574 2131 3632 sp·-

221 3632 397 3699 figued
415 3634 542 3685 with
553 3632 686 3684 their
704 3635 832 3686 lond.
