2459 4075
271 151 324 193 ι.
352 154 409 196 a.
440 107 532 198 es.
704 134 1032 216 msToR.
1077 137 1246 201 LIB.
1273 138 1715 199 SECUNDUS.
2093 142 2171 199 59

262 283 435 341 lorica
458 282 650 343 ferrea
691 303 824 343 usus
853 293 962 355 est,
987 295 1046 344 et
1073 295 1206 346 ante
1249 288 1409 364 signa
1434 286 1737 364 pedester,
1766 282 2061 355 horridus,
2088 285 2172 346 in·

76 409 81 418 .
276 371 546 438 comptus,
574 364 861 446 famaeque
887 366 1199 425 dissimilis,
1619 423 1630 434 ,
1927 385 1932 390 ·

66 473 77 530 j
346 442 477 502 XII.
522 445 937 506 Blandiebatur
964 449 1169 523 coeptis
1209 449 1491 519 Fortuna,
1520 465 1788 525 possessa
1808 463 1920 522 per
1939 463 2100 520 mare
2128 450 2189 503 et

64 537 73 550 ⁴
265 542 429 581 naves
457 525 677 601 majore
723 526 901 594 Italiae
931 535 1118 602 parte,
1146 529 1379 604 penitus
1413 535 1594 605 usque
1617 528 1687 585 ad
1719 525 1943 583 initium
1971 522 2187 584 mariti-

58 473 73 676 μ
156 635 161 638 -
270 620 480 684 marum
511 605 781 684 Alpium:
828 606 1038 682 quibus
1078 608 1362 667 tentandis
1390 606 1915 684 adgrediendaeque
1944 603 2185 679 provin·

268 681 370 741 ciae
392 684 779 757 Narbonensi,
809 685 1083 744 Suedium
1105 688 1494 759 Clementem,
1514 687 1823 746 Antonium
1841 683 2187 754 Novellum‚

270 762 560 822 AEmilium
588 764 909 825 Pacensem
939 766 1135 825 Duces
1163 768 1421 828 dederat.
1508 759 1623 830 Sed
1673 764 1947 825 Pacensis
1976 783 2090 842 per
2116 764 2186 821 li-

268 843 509 902 centiam
532 844 772 904 militum
797 846 1022 904 vinctus
1046 869 1061 904 ε
1106 848 1354 906 Antonio
1375 847 1631 907 Novello
1654 846 1811 905 nulla
1837 844 2146 903 auctoritas
2167 865 2185 901 e

154 919 171 925 “
266 922 502 982 Suedius
546 924 824 984 Clemens
863 926 1162 985 ambitioso
1206 929 1454 1005 imperio
1499 928 1759 1002 regebat,
1808 931 1871 983 ut
1911 926 2191 983 adversus

263 1003 600 1062 modestiam
628 1005 948 1079 disciplinae
977 1016 1320 1083 conruptus,
1352 1006 1456 1086 (w)
1491 1009 1569 1064 ita
1589 1005 1932 1081 proeliorum
1961 1004 2183 1064 avidus.

269 1079 406 1138 Non
451 1082 617 1153 ltalia
657 1081 823 1151 adiri,
848 1102 980 1160 ¹nec
1022 1086 1161 1142 loca
1204 1088 1494 1161 sedesque
1556 1084 1760 1161 patriae
1805 1084 2188 1143 videbantur:

269 1167 561 1235 tamquam
607 1170 849 1219 externa
894 1162 1065 1220 litora
1112 1171 1172 1222 et
1218 1166 1396 1222 urbes
1444 1164 1693 1221 hostium
1722 1177 1919 1231 urere,
1948 1172 2194 1234 vastare,

271 1258 526 1314 rapere:
573 1261 644 1299 eo
674 1241 946 1311 atrocum,
980 1244 1129 1319 quod
1184 1244 1330 1302 nihil
1380 1263 1615 1321 usquam
1644 1241 1944 1318 provisum
1987 1243 2194 1300 adver-

266 1338 393 1376 sum
440 1327 647 1379 metuS.
735 1320 906 1378 Pleni
935 1323 1076 1398 agri,
1105 1332 1327 1401 apertae
1375 1325 1619 1382 domus:
1668 1329 2044 1379 occursantes
2092 1322 2193 1379 do-

264 1397 398 1457 mini
416 1400 590 1477 juxta
616 1401 890 1478 conjuges
919 1410 979 1459 et
1007 1404 1224 1463 liberos
1248 1405 1558 1463 securitate
1601 1402 1759 1480 pacis
1790 1408 1850 1459 et
1876 1402 2016 1458 belli
2046 1402 2195 1460 malo

263 1478 889 1540 circumveniebantur.
973 1482 1298 1543 Maritimas
1345 1492 1463 1543 tum
1510 1484 1690 1561 Alpes
1715 1483 1949 1541 tenebat
1972 1482 2195 1540 Procu-

58 1607 59 1630 ,
267 1567 421 1618 rator
448 1558 669 1619 Marius
697 1560 980 1620 MaturuS.
1067 1564 1120 1622 Is
1149 1564 1378 1623 concita
1403 1571 1576 1640 gente
1629 1562 1769 1642 (nec
1795 1563 1965 1620 deest
1981 1562 2196 1639 juven·
2293 1579 2298 1586 ⁴

58 1635 61 1720 l
268 1637 384 1719 tus)
431 1658 643 1700 arcere
692 1641 1010 1718 provincias
1066 1644 1278 1703 finibus
1325 1643 1683 1703 Othonianos
1731 1642 1994 1700 intendit.
2081 1641 2201 1698 Sed

265 1720 448 1796 prImo
497 1719 698 1797 inpetu
737 1721 874 1780 caesi
899 1722 1247 1801 disjectique
1293 1724 1566 1792 montani,
1608 1730 1671 1781 ut
1697 1722 1925 1799 quibuS,
1968 1729 2199 1779 temere

264 1800 568 1872 conlectiS‚
598 1821 714 1859 non
757 1810 969 1874 castra,
999 1824 1113 1862 non
1155 1804 1366 1862 ducem
1412 1803 1848 1873 noscitantibuS,
1897 1821 2089 1881 neque
2133 1800 2194 1858 in

269 1878 518 1941 victoria
541 1880 721 1939 decus
744 1889 926 1953 esset,
951 1903 1144 1959 neque
1165 1884 1225 1942 in
1247 1882 1378 1958 fuga
1398 1883 1693 1960 flagitium.
2001 1909 2009 1914 ’

351 1958 528 2017 XIII.
572 1960 845 2018 Inritatus
895 1980 967 2019 eo
995 1964 1201 2040 praelio
1250 1963 1498 2021 Othonis
1541 1962 1710 2019 miles
1752 1960 1938 2020 vertit
1982 1960 2097 2017 iras
2138 1959 2200 2028 in

58 2060 61 2135 j
266 2040 649 2114 municipium
686 2040 921 2096 Albium
958 2041 1326 2100 Intemelium
1350 2064 1363 2098 :
1387 2041 1479 2120 (y)
1522 2040 1741 2116 quippe
1777 2041 1837 2097 in
1883 2039 2009 2097 acie
2057 2037 2204 2095 nihil

266 2121 532 2196 praedae:
577 2119 783 2193 inopes
811 2127 1069 2192 agrestes
1110 2125 1170 2176 et
1194 2119 1336 2177 vilia
1362 2140 1553 2187 arma:
1601 2134 1708 2174 nec
1757 2117 1885 2193 capi
1914 2122 2205 2194 poterant,

267 2198 487 2275 pernix
514 2215 696 2272 genus
720 2201 781 2254 et
803 2198 967 2273 gnari
989 2201 1289 2257 locorum:
1335 2199 1440 2258 sed
1456 2197 1868 2257 calamitatibus
1896 2195 2207 2255 insontium

270 2280 516 2355 expleta
543 2277 796 2335 avaritia.
883 2280 1063 2338 Auxit
1074 2278 1350 2338 invidiam
1372 2279 1664 2358 praeclaro
1695 2277 1967 2353 exemplo
1996 2274 2211 2335 femina

272 2357 472 2435 Ligus,
493 2377 623 2434 quae
647 2356 768 2437 filio
805 2358 1018 2431 abdito,
1062 2379 1193 2418 cum
1221 2359 1390 2419 simul
1419 2357 1726 2436 pecuniam
1756 2356 2033 2415 occultari
2062 2353 2209 2413 mili·

274 2443 362 2495 tes
414 2436 834 2505 credidissent,
885 2440 1073 2517 eoque
1102 2459 1213 2517 per
1255 2440 1542 2499 cruciatus
1589 2439 2037 2512 interrogarent,
2064 2443 2080 2468 ‘
2112 2432 2211 2492 ubi

263 2523 288 2550 ⁴
318 2517 505 2572 filium
533 2518 843 2570 occuleret
864 2519 909 2572 ‘Z’
953 2528 1184 2581 uterum
1223 2521 1557 2590 ostendenS‚
1587 2527 1604 2553 ‘
1634 2518 1840 2576 latere'
1884 2512 2207 2593 respondit.

270 2592 402 2657 Nec
424 2592 562 2651 ullis
610 2591 823 2649 deinde
870 2593 1218 2664 terroribus,
1258 2603 1592 2665 aut‘mort‘e‚
1619 2597 2014 2653 *constantiam
2047 2594 2212 2651 vocis

283 2673 533 2749 egregiae
564 2670 829 2733 mutavit.

347 2751 522 2828 XIV.
568 2759 585 2786 ‘
605 2751 899 2813 Inminere
921 2753 1245 2830 provinciae
1266 2752 1657 2823 Narbonensi,
1679 2753 1739 2812 in
1765 2755 1951 2812 verba
1985 2751 2214 2810 Vitellii

284 2839 302 2866 ⁶
334 2831 576 2901 adactae,
628 2833 872 2893 classem
920 2811 1209 2907 Othonis?
1266 2834 1447 2891 Fabio
1489 2833 1722 2891 Valenti
1775 2832 1991 2910 trepidi
2028 2830 2230 2895 nuntii,

276 2910 568 2970 adtulere.
650 2912 912 2972 Aderant
962 2914 1134 2989 legati
1189 2913 1573 2982 coloniarum,
1630 2912 1903 2970 auxilium
1951 2918 2207 2969 orantes·

281 2991 442 3049 Duas
489 2990 862 3066 Tungrorum
909 2995 1208 3066 cohortes,
1238 3001 1485 3071 quatuor
1513 2990 1771 3067 equitum
1797 2999 2036 3058 turmaS‚-
2086 2991 2211 3048 uni·
2239 3058 2251 3075 ·

192 3134 199 3139 ,
258 3090 514 3145 ιπιέειῈειιιι
543 3069 952 3132 Treverorum
981 3075 1127 3132 alam
1156 3084 1316 3131 ‘cum
1362 3071 1521 3129 Julio
1565 3070 1848 3139 Classico,
1895 3067 2210 3142 Praefect0,

279 3150 467 3209 misit:
515 3170 550 3208 e
580 3152 789 3228 quibus
838 3173 975 3230 pars
1035 3155 1095 3211 in
1139 3153 1369 3212 colonia
1403 3146 1807 3227 'Forojuliensi
1834 3155 2083 3219 retenta,
2112 3170 2210 3221 ne,

282 3231 548 3289 omnibus
577 3232 763 3309 copiis
798 3235 856 3292 in
898 3239 1183 3292 terrestre
1211 3233 1328 3290 iter
1367 3232 1578 3303 versis,
1608 3240 1792 3290 vacuo
1838 3231 1985 3289 mari
2012 3230 2213 3290 classis

355 3407 400 3441 w
436 3389 499 3440 Ut
532 3390 756 3442 adversm
775 3392 1057 3442 modestiam
1097 3382 1374 3456 disciplinas
1415 3396 1688 3456 corruptus.
1757 3388 1841 3438 He
1862 3388 2016 3451 being
2037 3387 2216 3440 tooin-

289 3457 502 3519 dulgent
515 3460 570 3504 to
585 3456 672 3504 the
692 3457 915 3514 soldiers,
936 3459 1034 3506 and
1053 3462 1148 3519 ,not
1168 3457 1418 3520 enforcing
1437 3457 1575 3506 striot
1589 3454 1863 3518 discipline.
1931 3452 2216 3505 Gronovius

294 3523 485 3586 prefers
502 3528 752 3588 corruptos
774 3523 874 3572 and
894 3525 1073 3585 avidae,
1099 3523 1342 3589 referring
1361 3530 1414 3572 to
1435 3524 1522 3571 the
1543 3520 1791 3570 soldiers.⁴

304 3589 628 3719 ‘gy-affigat
638 3587 999 3707 ἀξιεοηιείἱαηυ
1035 3604 1150 3639 now
1193 3590 1535 3654 Vintimeglia‚
1567 3586 1840 3636 southwest
1882 3584 1940 3631 of
1963 3585 2049 3630 the
2070 3577 2214 3637 terri-

438 3671 468 3704 0
574 3666 638 3705 en
705 3686 725 3704 .·
