2459 4075
72 0 103 44 ἵ

0 0 32 220 i
293 196 345 235 s.
374 197 433 236 ο.
464 184 573 236 το..
779 173 1106 234 ffls‘ron.
1149 175 1303 234 ΜΒ.
1348 174 1751 247 QUARTUS.
2094 174 2200 228 191

290 321 627 382 Arretinum
663 321 1053 391 Clementem,
1094 321 1290 380 domui
1331 320 1669 398 Vespasiani
1714 335 1827 397 per
1865 317 2215 378 adfinitatem

291 402 561 465 innexum
588 411 651 463 et
674 404 1056 479 gratissimum
1087 401 1438 471 Domitiano,
1473 400 1841 462 Proetorianis
1869 398 2212 478 praepo'suit,

290 490 311 517 6
332 492 558 559 patrem
588 484 738 561 ejus,
762 484 870 541 sub
895 482 1042 539 Caio
1078 482 1343 551 Caesare,
1372 483 1610 557 egregie
1642 480 1898 539 functum
1930 498 2001 537 ea
2027 478 2207 549 cura,'

273 560 585 622 dictitans:
659 571 676 597 6
726 564 827 621 laet
972 562 1245 621 militibus
1293 562 1449 619 idem
1491 580 1724 631 nomen,
1773 568 1943 637 atque
2000 559 2211 635 ipsum,

292 649 311 678 6
343 640 685 721 quamquam
710 643 828 700 Seu
924 641 996 700 rii
1025 643 1264 711 ordinis,
1293 641 1377 700 ‘ad
1398 648 1648 717 utraque
1676 641 1871 699 munia
1895 638 2210 698 sufficere)

216 737 227 744 “
291 723 688 790 Adsumuntur
724 741 759 780 e
787 722 1021 779 civitate
1062 719 1415 780 clarissimus
1443 724 1711 799 quisque,
1735 728 1808 780 'et
1835 721 1931 778 alii
1960 735 2070 796 per
2098 735 2211 777 am-
2311 791 2318 799 ,

295 803 593 864 bitionem.
632 809 646 840 '·
680 802 860 860 Simul
893 801 1251 859 Domitianus
1289 802 1712 878 Mucianusque
1756 801 2217 874 accingebantur,

288 881 512 959 dispari
534 883 761 941 animo:
807 883 907 940 ille
928 899 1036 957 spe
1054 900 1125 942 nc
1139 880 1388 956 juventa
1399 899 1715 957 properuS,
1739 881 1836 939 hic
1863 899 2054 938 moras
2076 899 2212 938 nec·

289 967 445 1030 tens,
475 964 605 1040 quis
648 962 985 1040 flagrantem
1012 960 1321 1030 retineret,
1364 980 1438 1018 ne
1466 960 1686 1020 ferocia
1713 962 1895 1020 aetatis
1925 971 1985 1018 et
2016 960 2215 1036 pravis

292 1041 708 1118 inpulsoribuS‚
755 1039 809 1101 si
851 1042 1177 1101 exercitum
1206 1040 1529 1110 invasisset,
1571 1043 1700 1116 paci
1745 1043 2023 1118 belloque
2064 1041 2217 1098 male

292 1123 649 1182 consuleret.
680 1165 695 1176 .
737 1122 1026 1198 Legones
1055 1120 1356 1195 victrices,
1392 1127 1557 1178 sexta
1584 1126 1643 1177 et
1681 1126 1904 1190 octava,
1949 1120 2214 1180 Vitellia-

290 1217 501 1257 narum
535 1201 1000 1270 unaetvicesima,
1028 1220 1063 1259 e
1107 1218 1316 1260 recens
1358 1199 1703 1276 conscriptis
1740 1199 2017 1268 secunda,
2066 1200 2217 1258 Pen-

294 1278 446 1337 ninis
492 1280 893 1357 Cottianisque
945 1280 1210 1357 Alpibus,
1265 1297 1404 1356 pars
1432 1287 1626 1338 monte
1655 1279 1859 1349 Grai0,
1908 1279 2214 1338 traducun-

292 1364 429 1417 tur:
476 1362 902 1436 quartadecima
942 1361 1096 1436 legio
1136 1379 1172 1419 e
1210 1360 1528 1430 Britannia,
1567 1366 1738 1417 sexta·
1773 1379 1838 1417 ac
1877 1359 2104 1417 decima
2141 1378 2218 1418 ex

294 1437 578 1517 Hispania
603 1442 824 1501 accitae.
910 1442 1090 1517 Igitur
1103 1440 1394 1500 venientis
1417 1439 1708 1499 exercitus
1728 1438 1898 1509 fama,
1928 1448 1989 1499 et
2013 1448 2219 1515 suopte

293 1517 546 1594 ingenio,
577 1521 650 1578 ad
676 1521 906 1580 mitiora
944 1521 1284 1581 inclinantes
1311 1520 1631 1579 Galliarum
1660 1520 1941 1588 civitatee,
1990 1520 2049 1577 in
2099 1519 2217 1579 Re-

292 1617 420 1657 mos
455 1619 812 1662 convenere.
899 1602 1306 1661 Treverorum
1346 1601 1559 1678 legatio
1605 1599 1726 1659 illic
1775 1600 2216 1678 opperiebatur,

294 1680 582 1740 acerrimo
616 1682 959 1742 instinctore
996 1683 1137 1741 belli
1183 1681 1384 1741 Tullio
1440 1682 1768 1741 ValentinO.
1852 1681 1907 1739 Is
1953 1681 2223 1741 meditata
2318 1715 2323 1728 ·

290 1760 552 1820 oeafione
593 1770 821 1833 cuncta,
850 1763 1065 1840 magnis
1104 1763 1367 1840 imperiis
1394 1762 1677 1839 objectari
1705 1755 1894 1833 solita,
1922 1770 2220 1820 contume—

293 1838 517 1918 fiasque.
542 1850 599 1900 et
618 1845 889 1902 invidiam
916 1844 973 1901 in
999 1843 1287 1920 Populum
1315 1843 1639 1902 Romanum
1662 1842 1864 1903 effudit
1891 1865 1903 1900 ε
1952 1842 2217 1901 turbidus

291 1918 601 1980 m‘ncendis
622 1924 1023 1994 seditionibus,
1047 1931 1107 1983 et
1126 1924 1430 2001 plerisque
1458 1932 1652 2001 gratus
1671 1922 1910 1984 vecordi
1932 1921 2215 1983 facundia.

314 2011 339 2051 -ῐ
371 1999 585 2063 LxLx.
630 2005 707 2062 At
730 2003 921 2076 Julius
954 2006 1211 2082 Auspex,
1236 2023 1270 2064 e
1298 2004 1651 2081 primoribus
1682 2004 2019 2073 Remorum,
2051 2011 2067 2038 6
2101 2006 2216 2063 vim

288 2086 321 2119 ⁴¹⁴
342 2078 661 2148 Romanam
707 2085 987 2162 pacisque
1028 2086 1198 2143 bona’
1248 2085 1611 2157 dissertauS,-
1636 2093 1696 2144 et
1751 2094 1765 2120 ‘
1798 2085 1947 2143 sumi
1995 2085 2217 2142 bellum

290 2170 311 2197 6
336 2163 509 2222 etiam
530 2165 601 2220 ab
620 2162 862 2238 ignavis,
889 2161 1273 2227 strenuissimi
1294 2161 1580 2237 cujusque
1599 2166 1870 2237 periculo
1897 2165 2045 2239 geri,
2066 2164 2217 2240 jani„
2383 2174 2388 2175 ⁷
2413 2171 2454 2179 Α·

289 2250 308 2279 6
338 2260 457 2319 que
500 2258 688 2319 super
712 2248 887 2319 caput
926 2241 1230 2318 legiones,‘
1280 2241 1762 2319 sapientissimum
1790 2263 2080 2322 quemque
2125 2266 2219 2305 re·
2303 2263 2307 2267 ·

289 2324 558 2382 verentia
579 2322 834 2401 fideque,
860 2323 1130 2399 juniores
1158 2321 1428 2398 periculo
1458 2341 1523 2381 ac
1551 2331 1732 2394 metu,
1760 2320 2060 2383 continuit.
2147 2324 2223 2386 Et

290 2401 845 2462 Valentinianimum
866 2402 1189 2473 laudabant,
1203 2402 1507 2462 consilium
1528 2403 1797 2481 Auspicis
1809 2407 2224 2482 sequebantur.

288 2481 553 2554 Constat,
575 2483 865 2542 obstitisse
888 2484 1178 2543 Treveris
1200 2483 1670 2561 Lingonibusque
1693 2483 1784 2564 (b)
1805 2486 1954 2564 apud
1978 2487 2216 2560 Gallias,
2253 2487 2257 2491 ’

288 2565 467 2647 quod,
512 2564 772 2643 Vindicis
818 2571 1005 2635 motu,
1046 2583 1180 2623 cum
1206 2562 1488 2640 Verginio
1525 2573 1823 2625 steterant.
1913 2567 2219 2628 Deterruit

290 2647 604 2724 plerosque
651 2644 1084 2722 'provinciarum
1129 2645 1450 2702 aemula'tio:
1512 2653 1527 2680 ‘
1577 2647 1729 2724 quod
1786 2646 1945 2706 bello
1993 2649 2215 2726 caput?
2304 2664 2315 2681 “

292 2739 310 2760 6
339 2725 493 2783 unde
518 2724 619 2802 jus
647 2727 1082 2803 auspiciumque
1120 2724 1467 2801 peteretur?
1510 2746 1702 2802 quam,
1745 2728 1792 2786 si
1835 2735 2042 2788 cuncta
2078 2749 2214 2806 pro-

293 2813 310 2840 ‘
338 2806 653 2877 venissent,
696 2806 1182 2881 scdemlmperio
1230 2805 1499 2881 legerent
1522 2807 1566 2867 ‘2’
1636 2807 1920 2868 -Nondum
1948 2810 2214 2883 victoria,

280 2883 407 2962 jam
432 2885 719 2946 discordia
744 2894 874 2945 erat
899 2909 913 2944 ε
959 2886 1084 2947 aliis
1111 2885 1358 2954 finden,
1388 2888 1727 2964 quibusdam
1749 2908 1893 2967 opes
1912 2890 2213 2967 viresque,

289 2972 388 3024 aut
412 2971 758 3027 vetustatem
785 2966 1044 3041 originis,
1081 2986 1195 3043 per
1208 2966 1403 3042 jurgia
1418 2967 1786 3042 jactantibus.
1877 2968 2086 3027 Taedio
2124 2969 2212 3027 fu·-

288 3052 556 3107 utrorum
604 3047 919 3124 praesentia
983 3045 1282 3121 placuere.
1386 3047 1733 3105 Scribuntur
1778 3048 1846 3105 ad
1903 3049 2210 3108 Treveros

274 3125 579 3203 epistolas,
621 3127 857 3186 nomine
893 3123 1237 3195 Galliarum,
1268 3132 1285 3158 ‘
1314 3131 1379 3184 ut
1406 3126 1763 3185 abstinerent
1804 3127 1998 3195 armis,
2044 3128 2209 3205 inpe-

288 3214 311 3240 6
337 3206 608 3287 netrabili
648 3207 819 3266 venia
861 3213 922 3264 et
965 3204 1179 3282 paratis
1215 3203 1718 3281 deprecatoribus»,
1752 3206 1802 3265 si
1850 3207 2208 3284 poeniteret!

287 3285 526 3364 Restitit
551 3287 705 3346 idem
741 3286 1106 3356 Valentinus,
1155 3286 1560 3363 obstruxitque
1597 3288 1845 3348 civitatis
1873 3307 1994 3350 suae
2018 3310 2207 3362 aurea,

286 3367 443 3426 haud
459 3367 704 3443 perinde
722 3367 1062 3426 'instruendo
1088 3366 1251 3424 bello
1271 3365 1543 3438 intentus,
1566 3387 1740 3444 quam
1769 3367 2045 3448 frequens
2072 3390 2208 3430 con·

290 3447 576 3509 cionibus.

367 3526 552 3593 Lxx.
595 3526 800 3617 Igitur!
825 3545 940 3586 non
995 3524 1279 3597 Treveri,
1334 3547 1550 3604 neque,
1574 3514 1864 3608 Lingones
1910 3538 2206 3590 ceteraeve

793 3706 822 3754 b
858 3704 956 3754 See
979 3705 1253 3773 Appendix
1269 3711 1321 3755 to
1337 3705 1524 3756 Annals
1560 3705 1669 3761 xvi.
