2459 4075
290 171 339 212 s.
368 172 425 210 c.
457 147 557 208 69.
653 188 668 199 ·
760 148 1090 208 HtsToR.
1132 144 1285 208 Ll'B.
1330 146 1734 223 QUARTUS.
2087 148 2195 208 '161

293 297 577 374 paullatim
598 296 843 365 indiciis,
881 313 1011 372 quae
1040 295 1344 365 Germani,
1384 295 1520 354 laeta
1555 271 1715 354 bello
1754 314 1922 371 gens,
1955 313 2068 353 non
2101 296 2203 355 diu

293 378 736 436 occultaverant.
820 376 935 434 Ubi
978 373 1203 436 insidiae
1241 395 1448 452 parum
1474 393 1735 446 cessere,
1762 376 1834 433 ad
1868 375 1984 433 vim
2021 384 2204 433 trans·

58 477 61 508 ε
284 471 538 531 gressus,
579 456 1008 526 Canninefates,
1036 456 1279 524 Frisios,
1309 454 1399 536 (e)
1429 455 1679 515 Batavos
1707 455 1963 532 propriis
2005 455 2203 514 cuneis

56 549 57 552 ’
289 537 610 612 componit:
654 536 882 595 directa
927 553 998 594 ex
1027 536 1264 595 diverso
1294 538 1475 605 acies,
1497 535 1648 594 haud
1675 536 1879 613 procul
1910 556 1942 593 a
1967 534 2208 594 flumine
2261 540 2266 545 ’

180 611 187 622 “
291 615 518 685 Rheno,
542 627 603 675 et
619 616 884 675 obversis
910 615 970 673 in
996 616 1218 675 hostem
1241 616 1507 685 navibus,
1536 636 1697 692 quas,
1728 616 1978 674 incensis
1998 615 2205 686 castel-

284 696 375 764 lis,
422 696 562 753 illuc
592 695 973 772 adpulerant:
1017 714 1127 753 nec
1165 697 1265 753 diu
1292 703 1538 766 certato,
1584 696 1954 770 Tungrorum
1989 695 2206 754 cohors

288 776 443 851 signa
492 776 562 832 ad
592 775 845 833 Civilem
873 775 1197 832 transtulit:
1243 777 1617 851 perculsique
1666 776 1878 835 milites
1912 775 2209 852 inprovisa

287 855 614 932 proditione
634 875 666 912 a
684 855 859 913 sociis
897 853 1275 930 hostibusque
1301 855 1692 915 caedebantur.
1776 855 1993 914 Eadem
2031 854 2205 914 etiam

288 936 529 994 navibus
571 934 836 1012 perfidia.
923 935 1064 991 Pars
1103 927 1384 1008 remigum
1408 952 1442 990 e
1496 935 1750 1005 Batavis,
1804 943 2092 1011 tamquam
2122 936 2205 993 in·

285 1017 495 1091 peritia
557 1014 744 1072 officia
787 1022 1080 1072 nautarum
1132 1019 1741 1090 propugnatorumque
1792 1015 2203 1090 inpediebant:

287 1113 422 1151 mox
465 1101 668 1151 contra
712 1093 982 1154 tendere,
1008 1100 1070 1149 et
1114 1111 1346 1169 puppes
1373 1091 1568 1149 hostili
1595 1094 1741 1168 ripe
1789 1095 2050 1170 objicere
2071 1117 2092 1152 ι
2138 1093 2208 1152 ad

288 1180 647 1249 postremum
668 1174 1089 1246 gubernatores
1111 1171 1642 1246 centurionesque,
1659 1171 1766 1229 nisi
1784 1174 1986 1229 eadem
2006 1175 2208 1232 volen-

290 1255 383 1320 tis,
410 1251 717 1330 trucidant,
742 1251 928 1311 donec
951 1252 1224 1309 universa
1252 1258 1495 1328 quatuor
1514 1258 1577 1310 et
1598 1252 2042 1327 vigintinavium
2061 1254 2207 1311 clas·
2287 1269 2291 1273 ·

290 1332 367 1390 sis
396 1329 803 1405 transfugeret,
823 1339 918 1390 aut
942 1339 1277 1407 caperetur.
1567 1389 1586 1395 ,

371 1401 566 1469 XVll,
588 1410 788 1469 =Clara
814 1430 887 1469 ea
913 1411 1156 1470 victoria
1196 1412 1253 1468 in
1283 1430 1567 1487 praesens,
1607 1409 1667 1468 in
1706 1420 2011 1488 posterum
2037 1408 2164 1470 usui
2188 1433 2202 1468 ε

230 1512 233 1517 ·
293 1509 569 1565 armaque
616 1498 677 1548 et
724 1510 923 1560 naves,
953 1492 1160 1566 quibus
1207 1491 1558 1567 indigebant,
1605 1492 1824 1568 adepti,
1852 1511 2055 1568 magna
2096 1509 2213 1568 per

288 1569 626 1628 Germanias
664 1570 998 1647 Galliasque
1026 1570 1197 1640 fama,
1246 1580 1263 1606 ⁶
1296 1572 1580 1630 libertatis
1609 1574 1900 1631 auctores’
1936 1572 2203 1631 celebra-

285 1650 510 1710 bantur,
589 1650 924 1710 Germanioe
939 1650 1126 1709 statim
1148 1651 1364 1710 misere
1382 1651 1622 1726 legatos,
1636 1653 1847 1711 auxilia
1865 1652 2204 1711 offerentes.

286 1730 598 1788 Galliarum
621 1730 958 1789 societatem
987 1730 1196 1789 Civilis
1224 1739 1349 1789 arte
1370 1732 1654 1807 donisque
1683 1731 2027 1800 adfectabat,
2064 1747 2205 1807 cap-

285 1816 373 1868 tos
416 1811 742 1869 cohortium
772 1808 1093 1868 Praefectos
1119 1828 1252 1867 suas
1278 1810 1336 1867 in
1364 1810 1631 1868 civitates
1669 1811 2060 1871 remittendo:
2101 1828 2206 1871 co-

288 1888 571 1959 hortibus,
619 1892 806 1958 abire,
847 1910 917 1948 an
944 1909 1183 1948 manere
1233 1890 1493 1959 mallent,
1539 1891 1669 1949 data
1712 1897 2042 1967 potestat&
2086 1901 2208 1952 ma·

285 1969 552 2042 uentibus
578 1968 861 2027 honorata
900 1969 1134 2027 militia:
1180 1969 1634 2043 digredientibus
1680 1970 1867 2046 spolia
1916 1969 2205 2029 Romano·

288 2067 412 2108 rum
430 2046 860 2106 'offerebantun
944 2047 1125 2107 Simul
1168 2047 1413 2105 secretis
1457 2049 1820 2106 sermonibus
1867 2050 2211 2110 admonebat

288 2137 302 2162 ⁶
336 2128 638 2196 malorum,
660 2145 792 2202 quae
815 2133 902 2183 tot
919 2127 1080 2182 annis
1097 2124 1391 2200 perpessi,
1411 2126 1680 2197 miseram
1702 2125 2043 2184 servitutem
2065 2125 2210 2187 salso

216 2218 223 2223 ’
288 2217 304 2241 ⁴
336 2224 543 2283 pacem
571 2211 872 2264 vocarent.
955 2204 1230 2271 BatavOS,
1258 2215 1598 2281 quamquam
1620 2204 1964 2264 tributorum
1993 2224 2209 2283 exper-

288 2296 304 2321 ·
335 2295 447 2355 tes,
471 2303 626 2341 arma
645 2292 847 2343 conti-a
872 2302 1210 2342 communes
1252 2283 1513 2340 dominos
1540 2283 1771 2360 cepisse
1795 2305 1818 2341 ι
1855 2284 2041 2358 prima
2082 2288 2207 2345 acle

289 2378 305 2402 ⁸
336 2365 527 2424 fusum
574 2365 908 2442 victumque
957 2362 1276 2422 Romanum
1305 2384 1348 2419 z·
1386 2362 1563 2440 quid?
1628 2364 1678 2422 si
1744 2362 1953 2422 Gallioe
2003 2363 2208 2440 jugum

286 2452 304 2481 ⁸
336 2451 546 2505 exuant
572 2445 595 2503 ἱ)
636 2453 911 2521 quantum
938 2444 1005 2502 in‘
1026 2444 1199 2502 ltalia·
1228 2442 1563 2520 reliquum?
1603 2443 2036 2520 provinciarum
2078 2462 2207 2503 san·

287 2534 305 2560 ·
332 2527 507 2602 guine
532 2524 865 2601 provincias
881 2523 1034 2582 vinci
1058 2547 1073 2583 ι
1117 2543 1193 2582 ne
1222 2521 1487 2581 Vindicis
1509 2524 1693 2582 aciem
1721 2523 2062 2599 cogitarent.
2088 2521 2213 2602 (f)

258 2614 305 2657 η’
335 2605 557 2665 Batavo
580 2604 780 2681 equite
822 2605 1100 2681 protritos
1129 2602 1350 2663 AEduos
1378 2603 1802 2679 Avernosque:
1837 2601 2025 2661 *fuisse
2053 2604 2211 2663 inter

287 2693 303 2720 ‘
336 2684 599 2762 Verginii
642 2684 1129 2759 auxilia'Belgasz
1173 2701 1440 2760 vereque
1489 2684 1911 2760 reputantibus,
1960 2684 2211 2743 Galliam

289 2773 304 2801 ⁸
336 2765 574 2824 suismet
592 2765 814 2823 viribus
834 2764 1177 2825 concidisse.
1260 2762 1433 2822 Nunc
1451 2765 1683 2825 easdem
1706 2764 1958 2822 omnium
1987 2774 2206 2841 partes,
2255 2776 2262 2783 '

264 2851 306 2899 ‚⁸
339 2845 553 2912 addito,
579 2843 626 2902 si
668 2846 808 2922 quid
848 2843 1109 2905 militaris
1136 2843 1462 2919 discipline
1488 2844 1548 2902 in
1584 2846 1787 2903 castris
1807 2842 2208 2925 Romanorum

256 2931 311 2973 «⁶
336 2924 626 2997 viguerit:
660 2943 802 2991 ‚esse
848 2943 1050 2989 secum
1086 2932 1393 2984 veteranas
1433 2924 1734 2993 cohortes,
1763 2924 1967 2999 quibus
2016 2934 2209 3000 nuper

286 3011 308 3050 Ρ
336 3002 582 3062 Othonis
612 3004 868 3078 legiones
911 3002 1351 3079 procubuerint.
1435 3001 1741 3060 Servii-ent
1760 3002 1929 3078 Syria
1956 3004 2207 3080 Asiaque

285 3090 305 3118 ⁵
332 3092 395 3142 et
419 3092 617 3145 suetus
648 3078 902 3159 Regibus
924 3082 1175 3141 Oriens:
1200 3082 1434 3145 ¹multos
1461 3079 1647 3141 adhuc
1674 3080 1733 3138 in
1760 3080 1949 3139 Gallia
1975 3082 2205 3154 vivere,

288 3172 305 3199 ⁶
335 3172 467 3225 ante
484 3165 696 3223 tributa
709 3160 1060 3244 genitos.(g)
1080 3160 1293 3238 Nuper
1307 3166 1501 3229 certe,
1518 3178 1673 3221 caeso
1690 3159 2008 3230 Quinctilio
2024 3160 2205 3239 vato,

353 3409 378 3445 e
413 3395 532 3446 The
550 3396 702 3449 mii
724 3408 869 3447 *were
886 3413 919 3447 n
936 3396 1120 3463 people
1140 3395 1200 3447 of
1210 3394 1475 3458 Germany
1489 3392 1770 3459 inlinbiting
1782 3392 2066 3457 uteri-iton*
2084 3404 2205 3449 nent·

288 3462 378 3511 the
402 3461 600 3519 Rhine3
633 3477 747 3511 now
767 3464 855 3512 the
873 3465 1095 3515 Frisom.

337 3530 384 3592 s
407 3528 586 3577 Formi
602 3534 814 3577 tocount
831 3531 891 3579 os
896 3531 983 3579 the
1000 3529 1169 3578 defeat
1189 3529 1248 3577 os
1261 3526 1463 3575 Vindex
1487 3530 1544 3575 nt
1563 3525 1859 3576 Vesontium
1873 3526 1924 3574 in
1942 3523 2100 3580 Gaul,
2119 3537 2203 3605 see

283 3594 374 3644 the
395 3593 652 3660 appendix
672 3600 723 3643 to
750 3596 918 3647 mals
939 3596 1046 3645 xvi.
1067 3612 1106 3644 s.
1134 3600 1210 3645 12.
1277 3594 1415 3642 Mur.
1441 3593 1566 3642 Tac.

340 3676 377 3727 g
409 3663 547 3711 Ante
567 3662 757 3712 tribula
771 3666 982 3732 genitos.
1049 3661 1185 3711 Born
1217 3659 1387 3711 before
1408 3658 1623 3707 tributes
1649 3670 1788 3706 were
1808 3651 2032 3719 impe-ed
2062 3662 2197 3713 upm
