2459 4075
270 193 346 271 74
851 195 924 257 O.
968 191 1213 257 CORN.
1260 187 1564 262 TACITI.
1742 217 1827 261 ιιι.
1860 212 1918 261 u.
1949 213 2006 262 c.
2047 197 2185 258 822.

264 342 453 402 tonius
497 338 786 404 Paullinus
831 351 891 402 et
938 345 1194 404 Licinius
1221 344 1520 408 Proculus
1561 345 2186 415 diversis'itineribus‚

261 431 448 481 castra
472 424 755 482 vitavere.
842 421 1092 484 Vedium
1120 423 1414 503 Aquilam,
1452 427 1894 488 tertiaedecimae
1934 427 2182 504 legionis

259 499 558 579 Legatum,
604 504 713 563 irae
760 504 1005 563 militum
1059 505 1412 565 inconsultus
1466 526 1655 583 pavor
1706 506 1951 565 obtulit:
1986 503 2180 567 ‘multo

255 582 439 641 adhuc
467 582 562 640 die
591 584 807 642 vallum
833 585 1144 660 ingressus,
1192 587 1451 644 clamore
1479 585 1886 644 seditiosorum
1921 592 1982 644 et
2013 584 2173 663 fuga-

256 662 411 721 cium
436 662 972 740 circumstrepitur:
1019 684 1132 722 non
1155 665 1408 740 probris,
1427 684 1541 722 non
1563 665 1822 723 manibus
1851 666 2134 724 abstinent
2158 689 2179 725 ι

259 744 277 775 ‘
305 742 670 801 desertorem
699 744 1197 821 proditoremque’
1214 745 1522 819 increpant
1547 768 1561 802 z
1608 746 1766 803 nullo
1794 746 2036 821 proprio
2058 745 2175 803 cri·

256 821 412 881 mine
432 822 580 899 ejuS‚
605 824 709 880 sed
729 841 894 881 more
922 823 1101 897 vulgi,
1129 842 1293 880 suum
1336 823 1580 900 quisque
1614 822 1890 900 flagitium
1919 825 2042 883 aliis
2071 826 2174 883 ob-

231 901 562 977 jectantesf
640 899 933 961 Titianum
963 901 1307 981 e‘t'Celsum
1347 922 1463 962 nox
1499 904 1678 979 juvit,
1726 904 2015 980 dispositis
2053 905 2176 981 jam

234 980 540 1051 excubiis,
569 982 1036 1058 compressisque
1073 982 1371 1052 militibus,
1395 1002 1538 1059 quos
1566 984 1785 1042 Annius
1813 984 2017 1044 Gallus
2037 1003 2174 1060 pre-

250 1060 437 1130 cibuS,
467 1062 731 1144 consili0‚
787 1061 1121 1119 auctoritate
1149 1060 1418 1132 flexerat,
1463 1070 1478 1097 ‘
1510 1081 1584 1121 ne
1613 1082 1791 1140 super
1811 1063 2037 1123 cladem
2078 1063 2174 1121 ad-

257 1148 274 1173 ·
306 1139 505 1202 versae
537 1161 743 1218 pugnae
789 1140 1028 1198 suismet
1055 1140 1165 1218 ipsi
1212 1142 1468 1200 caedibus
1516 1144 1827 1202 saevirent:
1874 1143 1999 1202 sive
2046 1143 2178 1201 finis

256 1226 274 1254 ⁸
301 1222 462 1279 bello
490 1224 766 1291 venisset,
788 1240 893 1279 seu
923 1239 1233 1300 resumere·
1251 1241 1407 1280 arma
1453 1224 1708 1287 mallent.
1747 1224 1979 1281 unicum
2007 1222 2174 1282 victis

255 1307 272 1334 ‘
304 1301 363 1360 in
391 1320 677 1360 consensu
703 1302 1135 1359 levamentum!
1220 1299 1454 1360 Ceteris
1473 1300 1686 1363 fractus
1715 1302 1951 1374 animus.
2012 1301 2175 1361 Prae-

256 1382 512 1439 torianus
561 1382 749 1449 mileS,
800 1387 817 1414 ‘
842 1399 957 1437 non
1001 1380 1218 1438 virtute
1261 1399 1349 1451 se,
1392 1382 1496 1439 sed
1542 1382 1870 1460 proditione
1911 1381 2173 1452 victum,’

253 1458 557 1518 fremebat.
646 1467 663 1493 ⁶
687 1458 781 1515 Ne
812 1457 1135 1518 Vitellianis
1158 1460 1394 1537 quidem
1435 1462 1793 1523 incruentam
1833 1460 2009 1520 fuisse
2050 1462 2174 1520 vic-

258 1545 274 1571 ‘
305 1538 533 1608 toriam‚
582 1540 750 1615 pulso
802 1540 1019 1615 equite,
1076 1547 1241 1615 rapta
1284 1540 1528 1615 legionis
1578 1542 1807 1619 aquilaz
1867 1559 2181 1618 superesse

260 1624 278 1651 ‘
307 1638 439 1677 cum
465 1619 593 1694 ipso
635 1618 869 1676 Othone
898 1617 1139 1676 militum
1168 1621 1320 1697 quod
1365 1627 1521 1679 trans
1566 1620 1780 1679 Padum
1824 1618 2031 1680 fuerit:
2077 1639 2180 1680 ve-

158 1705 163 1714 ‘
260 1704 277 1731 ‘
302 1702 430 1756 nire
459 1696 728 1758 Moesicas
755 1695 1016 1774 legiones
1040 1721 1053 1756 :
1100 1718 1355 1774 magnam
1385 1701 1677 1759 exercitus
1699 1709 1923 1777 partem
1941 1700 2182 1759 Bedria-

261 1779 362 1838 (εἰ
386 1778 730 1837 remansisse
755 1799 769 1835 ε
814 1779 921 1836 hos
950 1785 1114 1837 certe
1152 1781 1402 1837 nondum
1426 1781 1610 1839 victos
1639 1802 1651 1837 ε
1700 1787 1781 1849 et,
1804 1781 1851 1837 si
1880 1780 1958 1839 ita
1979 1779 2185 1850 ferret,

261 1866 277 1894 ‘
309 1859 609 1920 honestius
651 1860 711 1916 in
755 1857 879 1916 acie
922 1859 1262 1935 perituros.'
1346 1859 1455 1918 His
1503 1859 1939 1935 cogitationibus
1986 1866 2187 1919 truces

260 1945 357 1997 aut
382 1939 598 2015 pavidi,
638 1942 903 1997 =extrema
928 1939 1336 2015 desperatione
1373 1937 1443 1997 ad
1469 1939 1614 1999 iram
1646 1939 1882 2017 saepius,
1912 1958 2083 2015 quam
2122 1939 2184 1998 in

260 2017 652 2090 formidinem,
670 2019 1125 2079 stimulabantur.
1668 2045 1673 2051 ·

341 2100 524 2159 XLV.
570 2103 646 2159 At
671 2100 1017 2159 Vitellianus
1047 2099 1366 2171 exercituS,
1415 2098 1485 2157 ad
1535 2097 1792 2177 quintum
1821 2120 1852 2158 a
1896 2099 2185 2158 Bedriaco

258 2181 512 2268 lapidem
538 2181 819 2251 consedit,
847 2201 961 2239 non
990 2181 1136 2240 ausis
1162 2181 1422 2239 Ducibus
1451 2181 1654 2239 eadem
1674 2180 1774 2239 “die
1803 2180 2181 2257 oppugnatio-

239 2281 392 2335 =nem
419 2269 773 2322 castrorum:
819 2260 986 2319 simul
1012 2261 1333 2322 voluntaria
1358 2259 1574 2318 deditio
1616 2261 1979 2336 sperabatur.
2066 2258 2182 2317 Sed

264 2343 575 2418 expeditis,
620 2349 679 2400 et
725 2347 937 2399 tantum
1001 2340 1069 2398 ad
1121 2340 1397 2415 proelium
1443 2341 1716 2415 egressis,
1770 2341 2185 2398 munimentum

260 2419 430 2481 fuere
459 2442 615 2481 arma
643 2429 702 2480 et
727 2419 989 2477 victoria.
1076 2418 1319 2477 Postera
1345 2419 1462 2489 die,
1492 2420 1642 2477 haud
1694 2420 1955 2495 ambigua
1996 2417 2185 2476 Otho-

262 2502 414 2561 niani
439 2501 733 2559 exercitus
748 2499 1076 2569 voluntate,
1104 2505 1185 2569 et,
1215 2498 1313 2575 qui
1340 2497 1662 2558 ferociores
1691 2497 1939 2568 fuerant,
1969 2498 2037 2556 ad
2058 2516 2184 2574 poe-

260 2582 558 2642 nitentiam
594 2577 1017 2648 inclinantibus,
1049 2579 1220 2638 missa
1236 2580 1482 2654 legatio:
1529 2598 1639 2638 nec
1668 2579 1819 2655 apud
1856 2579 2051 2637 Duces
2081 2577 2188 2637 vi-

261 2661 529 2720 tellianos
547 2658 886 2729 dubitatum,
910 2678 1024 2736 quo
1051 2659 1239 2717 minus
1257 2677 1461 2734 pacem
1478 2659 1893 2718 concederent.
1976 2656 2183 2733 Legati

258 2741 586 2820 paullisper
613 2738 823 2796 retenti
849 2760 861 2794 :
908 2757 977 2795 ea
1005 2757 1101 2796 res
1129 2738 1550 2798 haesitationem
1587 2738 1809 2809 adtulit,
1838 2737 2050 2814 ignaris
2079 2734 2178 2794 ad·

263 2822 402 2890 hue,
442 2840 509 2878 an
554 2820 960 2895 inpetrassent.
1046 2817 1187 2875 Mox
1226 2819 1468 2877 remissa
1512 2819 1822 2894 legatione,
1852 2816 2035 2894 patuit
2060 2816 2182 2874 val-

260 2902 401 2960 lum.
489 2899 643 2958 Tum
684 2897 821 2957 victi
844 2896 1215 2975 victoresque
1245 2899 1303 2955 in
1332 2898 1596 2956 lacrimas
1641 2896 1827 2967 effusi,
1855 2903 2074 2955 sortem
2100 2894 2184 2953 ci-

261 2981 465 3041 vilium
493 2998 781 3038 armorum
811 2977 1022 3036 misera
1046 2977 1248 3036 laetitia
1287 2977 1659 3036 detestantes.
1743 2976 1957 3034 Iisdem
1988 2982 2179 3035 tento·

264 3062 367 3121 riis
420 3060 515 3120 alii
575 3056 842 3129 fratrum,
892 3057 988 3116 alii
1041 3059 1526 3135 propinquorum,
1581 3056 1828 3117 vulnera
1892 3055 2187 3127 fovebant.

264 3140 411 3219 Spes
440 3149 500 3200 et
534 3140 776 3218 praemia
813 3139 873 3199 in
910 3136 1209 3214 ambiguo:
1254 3144 1438 3208 certa,
1486 3136 1691 3196 funera
1719 3143 1779 3194 et
1805 3137 2029 3193 luctus:
2075 3139 2187 3191 ne'e
2225 3198 2236 3208 ,

265 3221 562 3300 quisquam
591 3222 736 3278 adeo
764 3219 897 3277 mali
926 3237 1166 3294 expers,
1192 3224 1256 3277 ut
1287 3237 1402 3277 non
1430 3217 1675 3293 aliquam
1707 3221 1954 3274 mortem
1981 3230 2188 3272 maere-

262 3309 377 3360 ret.
462 3300 828 3377 Requisitum
875 3296 1146 3373 Orphidii
1198 3297 1400 3373 Legati
1449 3314 1687 3373 corpus,
1742 3296 1970 3352 honore
2016 3292 2188 3351 solito
2232 3338 2241 3345 ι

263 3387 595 3440 crematur:
642 3396 856 3454 paucos
878 3376 1191 3436 necessarii
1219 3378 1480 3454 ipsorum
1500 3376 1875 3452 sepelivere:
1923 3380 2187 3431 ceterum

265 3461 466 3534 vulgus
494 3476 674 3535 super
695 3458 933 3514 humum
953 3456 1241 3515 relictum.
1551 3516 1556 3521 ,
2200 3512 2213 3515 ,

248 3566 253 3579 ·
350 3537 563 3596 XLVI.
607 3534 1039 3612 Opperiebatur
1066 3534 1227 3594 Otho
1253 3536 1511 3595 nuntium
1557 3553 1785 3611 pugnae,
1826 3547 2193 3607 nequaquam

266 3618 558 3711 trepidus,
573 3622 636 3674 et
662 3614 886 3673 consilii
916 3621 1145 3673 certus:
1191 3623 1389 3673 maesta
1409 3615 1658 3692 primum
1685 3612 1856 3680 fama,
1883 3608 2018 3666 dein
2051 3620 2192 3697 pro-

262 3700 411 3775 fugi·
437 3717 469 3757 e
497 3695 710 3777 proelio
757 3693 1011 3771 perditas
1057 3712 1151 3754 res
1194 3693 1565 3771 patefaciunt.
1651 3691 1786 3750 Non
1829 3694 2203 3765 exspectavit
