2459 4075
255 150 363 207 192
844 146 918 208 c·
938 147 1208 210 ’com
1255 134 1565 212 ΤΑοιΤι.
1755 172 1813 212 ι.
1844 172 1908 211 u
1936 171 1992 212 ο.
2026 156 2162 216 333.

246 292 560 353 rebellium
612 293 900 371 civitates,
929 313 1044 373 pro
1085 293 1474 374 magnitudine
1511 298 1768 375 suscepti
1820 297 2172 358 discriminis

192 389 199 398 ·
246 390 436 448 agere.
523 372 618 431 Ne
651 375 848 434 Duces
870 375 1147 453 quidem'
1133 397 1191 436 ιιι
1213 397 1386 437 ιιιιιιιιι
1406 380 1740 450 consulere.
1824 379 1940 437 Sed
1962 377 2170 438 Civilis

245 452 374 511 avia
400 452 714 529 Belgarum
760 453 855 535 (c)
886 455 1277 516 circumibat:
1319 456 1455 516 dum
1482 457 1792 520 Claudium
1829 459 2168 518 labeonem

245 551 463 624 capere
490 541 590 592 aut
614 536 934 594 exturbare
968 536 1183 595 nititur.
1269 535 1600 608 Classicus,
1613 557 1792 614 segne
1819 540 2172 616 plerumque

246 613 424 690 otium
472 614 734 684 trahens,
760 616 925 674 velut
953 616 1160 693 parto
1145 618 1402 694 lmperio
1445 616 1766 680 fruebatur.
1849 617 1946 677 Ne
1974 618 2178 676 Tuton

246 681 481 769 quidem
533 695 838 753 maturavit
881 696 1249 773 superiorem
1299 697 1631 758 Germaniae
1662 699 1847 776 ripam
1888 702 1949 758 et
1993 696 2172 757 ardua

131 778 139 786 ‘
245 773 483 852 Alpium
512 774 803 852 praesidiis
850 775 1149 834 claudere.
1235 779 1428 855 Atque
1451 777 1685 837 interim
1714 776 2171 840 unaetvicesima

244 854 399 929 legio
429 853 793 921 Vindonissa,
823 854 1093 915 Sextilius
1122 856 1295 914 Felix
1335 876 1469 917 cum
1496 858 1807 918 auxiliariis
1825 856 2171 917 cohortibus

245 953 358 1011 per
386 933 670 994 Rhaetiam
711 935 1014 1013 inrupere.
1096 936 1363 996 Accessit
1408 940 1496 996 ala
1541 938 1950 1014 Singularium,
1979 937 2172 997 excita

246 1013 385 1072 olim
433 1035 466 1072 a
495 1014 761 1086 Vitellio,
807 1015 1064 1075 deinde
1049 1035 1107 1075 ιιι
1161 1024 1359 1094 partes
1405 1017 1749 1094 Vespasiani
1796 1029 2169 1094 transgressa.

184 1111 189 1116 ·
245 1092 511 1154 Praeerat
535 1094 724 1155 Julius
744 1060 1132 1170 Briganticus,
1159 1115 1369 1157 sorore
1390 1096 1599 1158 Civilis
1621 1099 1877 1174 genitus,
1895 1106 1958 1158 nt
1984 1098 2170 1166 ikrme

245 1175 532 1234 acerrima
557 1176 960 1253 proximorum
987 1177 1117 1235 odia
1142 1186 1296 1247 sunt,
1323 1177 1542 1238 invisus
1569 1179 1861 1238 avunculo
1884 1178 2168 1237 infensus-

244 1274 382 1332 que
464 1256 660 1317 Tutor
703 1258 1108 1318 Treverorum
1135 1258 1359 1335 copias,
1386 1258 1613 1324 recenti
1661 1257 2045 1334 vangionum,
2076 1256 2174 1336 (d)

232 1336 635 1406 Caracatium‚
692 1337 1085 1398 Tribocorum
1131 1337 1369 1399 delectu
1404 1347 1620 1410 auctas,
1666 1346 1952 1399 veterano
1975 1338 2173 1416 pedite

248 1423 422 1495 atque
445 1417 646 1494 equite
662 1417 938 1488 firmavit,
978 1418 1282 1494 conruptis
1308 1438 1438 1495 spe,
1478 1427 1574 1478 aut
1599 1426 1759 1479 metu
1798 1419 2047 1480 subactis
2087 1419 2173 1476 le·
2237 1493 2240 1496 Ι

240 1497 563 1572 gionariis·
607 1498 705 1575 qni
732 1498 959 1575 primo
966 1498 1295 1572 cohortem,
1324 1499 1682 1592 praennssam
1713 1520 1750 1559 a
1786 1499 2029 1559 Sextilio
2056 1498 2171 1562 Fe-

249 1576 388 1647 lice,
424 1577 822 1649 interficiunt3
867 1596 1004 1636 mox
1050 1578 1150 1638 ubi
1185 1578 1384 1637 Duces
1428 1581 1846 1672 exercitusque
1884 1578 2175 1640 Romanus

248 1656 740 1734 propinquabant,
762 1658 1007 1717 honesto
1036 1657 1353 1735 transfugio
1377 1658 1652 1720 rediere.
1697 1661 1912 1721 secutis
1953 1659 2171 1717 Tribo-

249 1740 332 1797 cis
362 1737 876 1816 Vangionibusque
924 1746 986 1798 et
1011 1738 1408 1798 Caracatibus.
1495 1740 1709 1812 Tutor,
1754 1739 2045 1800 Treveris
2073 1754 2171 1797 co·

49 1850 58 1859 ·
138 1875 142 1896 ,
248 1818 601 1889 mitantibus,
650 1818 827 1879 vitato
880 1818 1269 1896 MagontiacO,
1323 1819 1592 1898 Bingium
1637 1821 1960 1891 concessit,
1991 1820 2176 1880 fidem

248 1899 403 1968 lucc,
432 1899 567 1975 quia
587 1906 825 1977 pontem
852 1899 1037 1958 Navae
1059 1899 1146 1980 (e)
1170 1899 1421 1962 fluminis
1439 1903 1778 1978 abruperat,
1803 1901 1951 1961 sed
1934 1916 2175 1960 incursu

248 1979 604 2051 cohortium,
634 1999 773 2058 quas
816 1979 1095 2040 Sextilius
1136 1981 1408 2053 ducebat,
1431 1988 1493 2042 et
1513 1988 1757 2060 reperto
1784 1982 1958 2054 vado,
1978 1978 2179 2059 prodi·

249 2067 339 2120 tus
367 2059 663 2140 fususque.
749 2060 837 2120 Ea
870 2061 1040 2122 clade
1062 2062 1320 2141 perculsi
1344 2025 1628 2134 T⁵reveri
1665 2071 1727 2122 et
1747 2064 1976 2139 plebes,
2004 2060 2176 2125 omit·

0 2140 889 2218 ῌῆ”“““““ΕῒΠιιἮιῒε,Ἰ5ῑΓ’ᾱὲιιιπ
933 2138 1204 2219 palatur:
1245 2139 1500 2219 Fufiam
1508 2135 1871 2219 Principum,
1917 2149 1978 2202 ut
2003 2141 2181 2219 primi

250 2222 516 2298 posuisse
557 2222 777 2281 bellum
824 2221 1184 2291 viderentur,
1234 2221 1292 2279 in
1339 2221 1627 2293 civitates,
1666 2240 1797 2299 quae
1839 2222 2181 2282 societatem

254 2302 572 2361 Romanam
601 2321 714 2360 non
743 2309 1049 2372 exuerant,
1099 2300 1501 2378 perfugerunt.
1587 2301 1876 2395 Legiones
1922 2322 1957 2360 a
1982 2301 2183 2361 Nove-

252 2384 340 2444 sio
362 2382 723 2459 Bonnaque
709 2403 766 2440 m
806 2380 1134 2451 Treveros,
1159 2388 1221 2440 ιιι
1246 2400 1426 2458 supra
1451 2383 1926 2453 memoravimus,
1945 2381 2177 2442 traduc-

254 2476 351 2533 tae,
383 2483 448 2524 se
486 2464 631 2540 ipsas
659 2462 718 2521 in
759 2463 943 2520 verba
968 2461 1313 2539 Vespasiani
1354 2461 1600 2538 adigunt.
1684 2461 1833 2525 Haec
1864 2460 2182 2523 Valentino

253 2546 493 2605 absente
518 2550 681 2619 gesta
706 2543 806 2620 qui
853 2541 952 2601 ubi
981 2542 1325 2605 adventabat
1360 2541 1588 2612 furens,
1626 2561 1775 2602 cunc
1835 2561 1949 2619 que
1978 2561 2184 2601 rursus

252 2626 312 2684 in
334 2625 528 2683 turbas
555 2630 619 2682 et
655 2623 896 2682 exitium
923 2641 1334 2693 conversurus,
1381 2621 1644 2698 legiones
1682 2623 1745 2682 in
1851 2622 2179 2682 ediomatri·

250 2722 379 2771 cos,
410 2702 626 2761 sociam
654 2704 971 2772 civitatem,
999 2704 1362 2765 abscessere.
1449 2702 1793 2763 Valentinus
1812 2722 1879 2762 ac
1909 2702 2138 2761 Tutor
2125 2721 2186 2762 ιιι

255 2801 414 2841 arma
457 2781 764 2857 Treveros
791 2783 1132 2841 retrahunt:
1179 2781 1387 2842 occisis
1422 2780 1730 2843 Herennio
1779 2802 1846 2842 ac
1889 2780 2183 2859 Numisio,

253 2861 506 2938 Legatis,
531 2881 648 2940 quo
674 2862 901 2920 minore
927 2880 1035 2938 spe
1057 2862 1247 2921 veniae
1270 2871 1572 2935 cresceret
1600 2863 1893 2922 vinculum
1915 2862 2182 2922 sceleris.

332 2941 550 3005 LXXI.
596 2941 710 3000 Hic
745 2942 889 3001 belli
916 2949 1093 3002 status
1135 2950 1285 3013 erat,
1326 2962 1456 3003 cum
1486 2928 1725 3003 Petilius
1766 2941 2018 3002 Cerialis
2055 2943 2184 3002 Ma-

138 3064 145 3073 ,
255 3025 581 3118 gontiacum
611 3023 810 3083 venit·
855 3024 991 3116 ejus
1022 3024 1274 3083 adventu
1302 3034 1518 3085 erectae
1562 3042 1721 3100 spes.
1806 3022 1943 3100 Ipse
1972 3042 2186 3101 pugnae

258 3104 456 3164 avidus
485 3112 547 3165 et
589 3103 1047 3175 contemnendis,
1090 3123 1259 3181 quam
1305 3104 1605 3171 cavendis,
1652 3103 1913 3162 hostibus
1948 3098 2187 3174 melior,

257 3182 482 3244 ferocia
499 3187 818 3246 verborum
841 3187 1083 3245 militem
1110 3184 1493 3244 incendebat·
1537 3183 1632 3242 ubi
1661 3183 1909 3261 primum
1937 3201 2183 3259 congre·

259 3263 318 3325 di
342 3264 623 3336 licuisset,
671 3266 881 3325 nullam
909 3266 1125 3347 proelio
1171 3283 1396 3325 moram
1434 3260 1726 3323 facturus.
1771 3263 2038 3322 delectus
2070 3281 2188 3340 per

328 3520 352 3557 c
385 3498 502 3549 The
517 3502 729 3560 country
741 3498 900 3547 about
913 3497 1126 3563 Bmges.

327 3566 360 3615 d
400 3562 701 3634 Vangiones,
724 3574 838 3610 now
852 3562 941 3608 the
963 3562 1236 3613 dioceseos
1252 3564 1455 3616 Worms.

329 3647 354 3681 e
385 3627 553 3688 Nava,
588 3641 620 3673 a
640 3624 775 3674 river
795 3623 853 3673 os
865 3625 1039 3678 Gallia
1061 3627 1281 3692 Belgica,
1304 3631 1475 3680 which
1512 3643 1632 3682 runs
1652 3630 1935 3680 north-east
1953 3628 2065 3680 into
2089 3628 2183 3693 θη

268 3695 462 3750 Rhine3
505 3705 620 3741 now
639 3692 727 3739 the
743 3689 907 3740 Nube.
946 3738 951 3743 ,
1631 3748 1636 3752 ὁ
