2459 4075
289 130 400 189 ιω
640 82 645 94 ’
858 127 932 187 e.
974 125 1226 194 (το-ιω.
1275 129 1582 188 merri.
1804 85 2191 200 A.1t.o‚822.

275 273 504 332 colonia
519 273 1029 351 Agrippinensium
1043 275 1247 345 vitata,
1271 274 1420 333 nihi}
1434 281 1638 334 cetero
1660 274 1718 333 iii
1746 274 1971 333 itinere
1982 276 2195 335 hostile

280 354 421 423 ausi,
451 354 762 413 Bonnense
786 355 1056 432 proelium
1085 357 1475 432 excusabant3
1518 361 1803 432 tamquam
1826 358 2004 432 petita
2031 375 2200 433 pace,

278 417 587 511 postquam
612 438 946 510 negabatur,
988 435 1330 512 sibimetipsi
1352 399 1793 494 consuluissent.

358 511 521 572 XXl.
570 514 799 586 Civilis,
828 516 1074 574 adventu
1103 523 1507 573 veteranarum
1547 516 1894 583 cohortium,
1912 514 2054 590 justi
2073 515 2201 591 jam

280 596 579 654 exercitus
602 595 830 665 ductor,
858 595 962 652 sed
1002 596 1228 654 consilii
1276 595 1572 685 ambiguus
1620 603 1681 653 et
1722 596 1837 653 vim
1878 559 2199 652 Romanam

278 682 572 765 reputans,
601 682 860 742 cunctos,
898 675 995 751 qui
1021 675 1283 744 aderant,
1321 675 1378 733 in
1405 677 1594 733 verba
1620 675 1963 751 Vespasiani
1986 673 2192 748 adigit:

279 755 566 831 mittitque
608 756 919 829 legatosad
956 754 1096 811 duas
1123 755 1405 831 legioneS,
1443 775 1595 831 quas,
1624 756 1823 831 priore
1846 756 1968 811 acie
1991 755 2197 830 pulsae,

276 837 339 894 in
369 833 588 894 Vetera
631 844 818 892 castra
843 844 1280 905 concesserant,
1327 842 1344 869 ‘
1370 843 1430 893 ut
1456 835 1611 893 idem
1662 841 2081 912 sacramentum
2103 853 2199 892 ac-·

278 914 642 989 ‘ciperentss
727 914 1014 972 Redditur
1055 933 1419 1006 responsum,
1464 922 1481 949 ‘
1513 934 1701 991 neque
1730 904 2065 991 proditorie,
2094 933 2196 972 ne·

280 1000 442 1071 que
469 993 725 1051 hostium
741 1013 807 1052 se
847 994 1103 1053 consiliis
1146 996 1250 1054 uti.
1327 994 1480 1054 Esse
1507 995 1617 1052 sibi
1652 995 1952 1053 Vitellium
1975 992 2197 1052 Princi-

283 1081 304 1108 ·
330 1092 489 1149 pem,
520 1092 628 1149 pro
657 1093 771 1151 quo
790 1073 965 1132 fidem
1001 1081 1061 1132 et
1082 1094 1237 1132 arma
1255 1093 1443 1151 usque
1469 1075 1540 1132 ad
1566 1093 1902 1150 supremum
1930 1074 2199 1149 spiritum

281 1161 297 1186 ‘
330 1162 698 1212 retenturos:
743 1154 989 1229 proinde
1010 1152 1256 1231 perfuga
1283 1155 1533 1220 Batavus
1555 1154 1800 1212 abitrum
1841 1172 2042 1211 rerum
2080 1153 2197 1211 Ro-

279 1241 297 1272 ’
326 1252 621 1292 manarum
643 1253 717 1292 ne
746 1241 968 1308 ageret,
1018 1238 1123 1291 sed
1145 1235 1402 1304 meritas,
1449 1234 1694 1292 scelefls
1714 1252 1914 1325 poenas
1956 1251 2200 1309 exspec-

281 1321 299 1350 ·
327 1315 518 1372 taret’
602 1313 747 1385 Quae
777 1314 874 1371 ubi
919 1315 1102 1371 relata
1142 1314 1341 1384 Civili,
1401 1314 1672 1373 incensus
1716 1316 1824 1382 ira,
1869 1313 2201 1370 universam

280 1394 343 1451 B.
350 1403 631 1452 itavoram
682 1401 914 1468 gentem
971 1393 1030 1450 in
1074 1413 1231 1452 arma
1277 1396 1448 1485 rapit.
1548 1393 1583 1448 J
1589 1402 1873 1469 unguntur
1928 1393 2198 1451 Bructeri

283 1473 685 1609 {eaeterique
732 1470 822 1551 (k)
872 1479 933 1531 et
973 1474 1164 1531 excita
1215 1474 1428 1532 nuntiis
1474 1472 1788 1532 Germania
1827 1472 1897 1530 ad
1941 1470 2198 1549 praedam

342 1571 488 1609 mam
533 1570 630 1619 ue,

362 1572 557 1688 XXltl.
597 1630 894 1688 Adversus
922 1631 1025 1688 has
1065 1633 1207 1689 belli
1234 1631 1639 1689 concurrentis
1666 1631 1845 1690 minas
1887 1629 2086 1705 Legati
2112 1632 2200 1688 le-

282 1711 539 1786 gionum,
589 1708 897 1769 Mummius
949 1712 1253 1788 Lupercus
1293 1718 1355 1769 et
1400 1710 1697 1770 Numisius
1748 1709 1955 1780 Rufus»,
1987 1713 2200 1769 vallmn

281 1809 591 1867 murosque
614 1790 939 1849 firmabant.
1023 1793 1316 1851 Subversa
1332 1793 1519 1867 longoe
1545 1794 1701 1867 pacis
1721 1810 1923 1868 opera,
1946 1788 2024 1869 (l)
2051 1790 2202 1848 haud

273 1872 491 1946 ‘procul
519 1871 744 1938 castris,
773 1870 833 1928 in
869 1870 1099 1930 modum
1145 1871 1444 1947 municipii
1492 1879 1809 1949 exstructa,
1840 1871 2203 1930 ne'hostibus

283 1950 412 2008 usui
435 1949 646 2009 forent.
733 1950 850 2009 Sed
886 1970 1088 2027 parum
1108 1952 1431 2028 provisum,
1459 1958 1521 2009 ut
1554 1954 1741 2027 copiae
1765 1951 1821 2008 in
1852 1957 2038 2010 castra
2065 1970 2200 2010 con-

284 2031 677 2095 veherentur:
723 2032 853 2108 rapi
873 2031 1222 2109 permisere.
1308 2032 1393 2092 Ita
1435 2032 1631 2109 paucis
1658 2032 1863 2090 diebus
1885 2051 1997 2109 per
2023 2032 2202 2090 licen-

285 2112 421 2169 tiam
448 2114 745 2189 absumpta
786 2121 938 2182 sunt,
981 2133 1109 2189 quae
1138 2113 1838 2173 adversus2necessitates
1885 2113 2203 2187 inlongum

286 2191 666 2252 suffecissent.
748 2191 978 2263 Civilis,
1003 2194 1255 2252 medium
1294 2213 1496 2269 agmen
1534 2212 1664 2250 cum
1710 2195 1926 2251 robore
1956 2191 2200 2251 Batavo·

287 2291 412 2329 rum
431 2274 718 2343 obtinens,
740 2279 1044 2349 utramque
1075 2272 1267 2334 Rheni
1295 2274 1501 2350 ripam,
1531 2293 1646 2349 quo
1672 2271 2054 2331 truculentior
2076 2272 2201 2335 visu

285 2350 460 2421 foret,
507 2353 935 2411 Germanorum
974 2352 1226 2413 catervis
1255 2355 1531 2428 complet,
1570 2353 1884 2411 adsultante
1910 2370 2024 2427 per
2045 2369 2198 2408 cam·

286 2451 407 2508 pos‘
423 2435 637 2509 equite.
723 2431 902 2506 Simul
943 2449 1123 2488 naves
1165 2433 1222 2489 in
1249 2431 1554 2490 adversum
1599 2452 1825 2490 amnem
1866 2433 2199 2506 agebantur.

287 2511 443 2569 Hinc
468 2522 876 2600 veteranarum
903 2510 1226 2570 cohortium
1268 2512 1447 2587 signa,
1490 2512 1626 2570 inde
1648 2513 2010 2588 deprompta}
2040 2510 2200 2567 silvis

288 2591 513 2675 lucisve
551 2591 806 2648 serarum
848 2589 1146 2665 imagines,
1190 2598 1254 2650 ut
1299 2592 1512 2668 cuique
1552 2592 1709 2667 genti
1750 2592 1899 2649 inire
1928 2591 2201 2666 proelium

287 2688 413 2728 mos
440 2679 549 2737 est,
576 2670 752 2726 mixta
777 2671 916 2728 belli
943 2670 1132 2729 civilis
1160 2672 1507 2762 externique
1545 2671 1695 2730 facie
1727 2670 1840 2752 (m)
1865 2669 2199 2746 obstupefe-

286 2756 490 2810 cerant
514 2751 816 2808 obsessos:
863 2758 923 2808 et
962 2768 1127 2827 spem
1149 2751 1596 2827 oppugnantium
1624 2754 1869 2848 augebat
1890 2749 2201 2826 amplitudo

180 2891 185 2896 A
286 2829 446 2899 valli,
476 2828 652 2904 quod,
671 2826 888 2889 duabus
918 2829 1241 2906 legionibus
1281 2833 1471 2902 situm,
1499 2834 1598 2890 vix
1627 2835 1882 2910 quinque
1906 2829 2083 2888 millia
2108 2849 2198 2888 ar-

354 3124 383 3171 k
416 3121 530 3171 The
549 3118 868 3169 Br‘ucterians
888 3134 1024 3169 were
1047 3135 1078 3167 a
1090 3119 1270 3185 people
1293 3119 1351 3168 os
1364 3118 1623 3181 Ger-many
1643 3117 1826 3168 situate
1846 3118 1901 3167 in
1931 3119 2196 3182 westpha-

285 3188 373 3240 lia..
441 3188 556 3235 The
578 3185 815 3235 Tencteri
839 3200 977 3234 were
1012 3187 1115 3232 also
1136 3202 1167 3234 a.
1199 3187 1380 3279 people
1400 3187 1459 3235 of
1480 3176 1753 3248 Germany,
1817 3185 1917 3233 See
1949 3187 2037 3234 the
2058 3201 2199 3233 man·

289 3264 400 3305 ners
422 3252 477 3302 os
490 3253 576 3300 the
599 3252 862 3309 Germane,
880 3267 919 3299 s.
936 3254 1017 3301 32.

264 3360 273 3371 .
298 3342 305 3351 ⁶
354 3323 375 3370 1
410 3320 591 3381 Longae
605 3321 750 3380 pacis
777 3333 944 3382 opera.
1009 3316 1179 3366 These
1209 3331 1349 3364 were
1380 3315 1630 3378 buildings
1660 3317 1975 3364 emistructed
2004 3317 2080 3365 thr
2108 3317 2197 3363 the

288 3390 526 3441 servants,
552 3383 750 3430 suttlers
771 3382 869 3429 and
895 3385 1036 3430 those
1056 3385 1175 3431 who
1203 3382 1437 3431 followed
1457 3384 1544 3430 the
1577 3395 1761 3449 nimy.¹
1803 3384 1873 3430 As
1892 3384 2016 3444 they
2035 3382 2200 3446 might

286 3450 466 3499 favour
485 3449 572 3496 the
588 3449 837 3509 approach
853 3449 911 3496 of
922 3446 1009 3495 tho
1024 3462 1202 3508 enemy
1222 3450 1344 3510 they
1369 3461 1505 3497 were
1521 3426 1801 3511 destroyed.

342 3532 405 3564 m
435 3515 608 3567 Mixa!
622 3514 738 3561 belli
756 3515 918 3561 civilis
949 3514 1402 3577 externiquefizcie.
1470 3514 1569 3561 For
1595 3513 1682 3560 the
1714 3510 1962 3561 Batavian
1998 3507 2200 3565 cohorti

261 3580 393 3632 had
415 3577 639 3638 military
671 3577 924 3633 standard-s
957 3575 1088 3624 after
1118 3578 1206 3625 the
1249 3593 1454 3626 manner
1486 3580 1543 3628 os
1569 3579 1656 3626 the
1696 3579 1944 3626 Romans:
1978 3578 2074 3626 but
2106 3581 2198 3627 the

291 3639 2197 3708 othernrmiesomiedthehffidsandimagenoswildhentssststmduds
