2459 4075
246 141 360 204 iso
843 120 919 194 c.
961 133 1211 196 conN.
1260 133 1568 192 'mom
1678 87 1687 91 ἣ
1760 154 1818 191 Α.
1851 153 1990 227 με.
2036 101 2193 191 εειεῤ

245 297 262 322 ⁶
293 283 478 348 ratori
519 301 631 344 suo
682 279 930 342 militare
959 298 1215 357 :neque
1264 279 1504 352 officere
1545 279 1750 353 gloriae
1805 297 2034 349 eorum,
2084 276 2180 355 q'ui

247 377 266 406 ⁶
290 367 492 430 Asiam
545 360 779 421 interim
826 361 1266 439 composuerint
1292 382 1305 417 z
1354 358 1466 416 illis
1516 360 1745 418 Moesiae
1789 378 2017 436 pacem,
2073 359 2182 416 sibi

248 456 264 485 ⁶
293 449 544 514 salntem
572 440 1063 517 securitatemque
1096 441 1300 504 ltaliae.
1328 440 1491 497 cordi
1522 439 1723 498 fuisse.
1810 440 1937 500 Suis
1966 439 2183 498 exhor-

246 537 263 574 t
286 525 594 588 tationibus
607 522 830 580 Gallias
845 521 1293 598 Hispaniasque,
1306 520 1712 580 validissimam
1733 526 2023 580 terrarum
2046 538 2182 596 par·

250 617 266 644 ‘
299 615 441 676 tem,
472 604 540 661 ad
571 603 991 678 Vespasianum
1013 620 1350 659 conversas
1435 600 1551 658 Sed
1573 599 1859 660 cecidisse
1882 601 1935 657 in
1954 597 2188 658 inritum

243 698 262 725 ‘
285 690 541 751 labores,
564 684 612 742 si
635 683 875 759 praemia
922 681 1319 757 periculorum
1368 679 1477 761 soli
1506 680 1914 754 adsequantur,
1941 679 2036 753 qul
2065 698 2172 757 pe-

248 777 269 804 *
295 766 498 828 riculis
518 783 631 821 non
661 760 990 820 adfuerint)
1076 760 1204 819 Nec
1235 759 1508 819 fefellere
1538 780 1610 820 ea
1635 758 2011 817 Mucianum:
2048 758 2188 818 inde

251 863 459 928 graves
492 843 809 902 simultates
839 860 979 916 quas
1009 840 1292 900 Antonius
1320 840 1663 917 simplicius,
1692 838 1994 898 Mucianus
2029 839 2187 898 calli-

252 929 351 998 de,
381 942 569 1000 eoque
591 921 992 999 inplacabilius
1018 920 1328 982 nutriebat.
1609 984 1615 988 ,
2086 963 2115 994 .,

330 1004 490 1066 LIV.
537 1004 614 1064 At
658 1002 955 1071 Vitellius,
982 1000 1183 1060 fractis
1213 1001 1366 1076 apud
1418 1001 1769 1058 Cremonam
1818 1000 2019 1068 rebus,
2049 1018 2188 1057 nun-

251 1086 364 1154 tios
411 1082 591 1143 cladis
620 1081 942 1151 occultans,
984 1082 1160 1142 stulta
1199 1081 1675 1150 dissimulatione,
1718 1079 1978 1137 remedia
2004 1083 2192 1156 potius

254 1169 563 1238 malorum,
592 1181 764 1240 quam
813 1161 1380 1233 mla,.differebat.
1447 1160 1683 1237 Quippe
1712 1158 2010 1217 confitenti
2053 1179 2186 1220 con·

257 1246 612 1321 sultantique
634 1250 981 1318 supererant
1008 1260 1145 1318 spes
1174 1241 1486 1318 viresque:
1532 1260 1661 1298 cum
1687 1260 1720 1298 e
1744 1241 2036 1300 contrario
2062 1240 2195 1298 laeta

259 1327 450 1392 omnia
477 1326 746 1400 fingeret,
771 1322 928 1380 salsis
951 1323 1412 1397 ingravescebat.
1493 1320 1710 1382 Mirum
1740 1320 1891 1396 apud
1913 1320 2099 1395 ipsum
2120 1319 2194 1378 de

264 1409 423 1470 bello
452 1403 747 1464 silentium
775 1425 789 1459 :
836 1402 1114 1478 prohibiti
1150 1420 1262 1477 per
1294 1400 1588 1459 civitatem
1620 1419 1960 1460 sermones:
2007 1418 2196 1474 eoque

258 1489 488 1564 plures,
536 1501 625 1552 ac,
660 1480 707 1538 si
753 1480 988 1550 liceret,
1042 1500 1188 1539 vere
1241 1480 1528 1540 narraturi
1556 1502 1571 1551 3
1638 1480 1771 1555 quia
1833 1481 2196 1548 vetabantur,

259 1564 546 1630 atrociora
566 1561 963 1633 vulgaverant.
1035 1559 1180 1618 -Nec
1213 1559 1391 1620 duces
1441 1560 1687 1618 hostium
1725 1561 2002 1634 augendae
2031 1560 2198 1636 famae

259 1645 528 1711 deerant,
577 1644 791 1715 captos.
829 1638 1052 1698 Vitellii
1096 1640 1502 1715 exploratores
1532 1639 2101 1715 circumductosque‚
2140 1646 2200 1697 ut

257 1726 482 1787 robora
499 1719 742 1779 victoris
776 1719 1075 1784 exercitus
1102 1726 1438 1789 noscerent,
1470 1719 1818 1778 remittendo
1846 1742 1858 1777 :
1908 1740 2051 1795 quos
2079 1738 2199 1777 om-

159 1817 166 1822 ’
267 1799 693 1872 nesVitelliuS,
732 1805 965 1862 secreto
994 1806 1431 1875 percunctatus,
1476 1798 1725 1860 interfici
1742 1799 1940 1875 jussit.
2026 1799 2201 1857 Nola-

268 1884 374 1948 bui
421 1880 742 1940 constantia
769 1879 1080 1949 Centurio,
1107 1879 1298 1939 Julius
1340 1879 1621 1954 Agrestis,
1667 1886 1798 1956 post
1825 1882 2037 1937 multos
2079 1899 2202 1938 ser·

265 1981 496 2031 moneS,
523 2011 526 2018 .
551 1961 758 2037 quibus
787 1958 1089 2020 Vitellium
1120 1960 1189 2018 ad
1236 1958 1510 2018 virtutem
1564 1958 1773 2018 frustra
1822 1961 2195 2029 accendebat,

258 2042 548 2123 -pe'rpulit,
601 2048 667 2099 ut
713 2040 784 2098 ad
830 2041 989 2098 vires
1039 2041 1290 2099 hostium
1336 2040 1698 2118 spectandas,
1749 2059 1997 2117 quaeque
2050 2042 2197 2116 apud

268 2124 623 2186 Cremonam
650 2128 777 2183 acta
795 2120 1012 2192 forent,
1043 2122 1169 2199 ipse
1192 2122 1540 2181 mitteretur.
1627 2121 1755 2178 Nec
1798 2122 2203 2196 exploratione

268 2205 495 2266 occulta
519 2201 725 2261 fallere
770 2201 1082 2260 Antonium
1111 2202 1375 2272 tentavit,
1404 2200 1508 2261 sed
1535 2200 1797 2258 mandata
1827 2201 2204 2276 Imperatoris

272 2303 552 2362 suumque
599 2283 846 2358 animum
897 2283 1215 2358 professus,
1268 2289 1351 2339 ut.
1380 2289 1588 2339 cuncta
1631 2280 1874 2350 viseret,
1928 2283 2227 2356 postulem·

267 2365 455 2434 Missi,
485 2365 583 2439 qui
611 2364 801 2419 locum
824 2360 1041 2433 proelii,
1082 2360 1394 2417 Cremonae
1427 2360 1685 2434 vestigia,
1715 2368 1912 2434 captas
1942 2361 2205 2435 legiones

269 2444 667 2516 ostenderent,
702 2439 959 2512 Agrestis
1010 2438 1078 2494 ad
1107 2437 1408 2498 Vitellium
1449 2439 1756 2508 remeavit,
1788 2441 2205 2516 abnuentique,

269 2537 284 2565 ⁴
317 2542 463 2586 vera
481 2537 633 2586 esse,
657 2535 785 2591 quae
809 2515 1110 2587 adferret,’
1136 2526 1308 2596 atque
1338 2522 1489 2579 ultra
1519 2528 1534 2553 ‘
1565 2519 1928 2596 conruptum’
1955 2539 2202 2594 arguen-

239 2610 356 2667 ,tiz
403 2610 419 2637 ‘
453 2595 964 2676 quandoquidem‚’
1015 2597 1223 2674 inquit,
1256 2608 1271 2632 ⁴
1297 2619 1502 2674 magno
1539 2599 1886 2659 documento
1922 2618 2067 2674 opus
2098 2608 2208 2668 est,
2248 2660 2263 2671 θ

274 2694 289 2719 ‘
320 2699 432 2747 nec
461 2677 604 2736 alius
624 2675 747 2752 jam
770 2676 874 2734 tibi
904 2684 999 2734 aut
1020 2680 1178 2748 vilae,
1209 2687 1306 2737 aut
1331 2680 1534 2737 mortis
1559 2698 1705 2736 meas
1736 2698 1892 2747 uem,
1921 2679 2092 2747 dabo,
2116 2680 2210 2737 cui

267 2767 286 2802 ‘
316 2758 524 2820 credas
547 2756 585 2813 τ’
631 2763 805 2832 atque
824 2758 902 2813 ita
928 2757 1242 2831 digressuS,
1263 2759 1589 2817 voluntaria
1615 2766 1802 2818 morte
1832 2759 1983 2816 dicta
2018 2759 2208 2816 firma·

269 2840 377 2904 vit.
462 2835 707 2908 Quidam
754 2836 966 2912 ‘jussu
998 2837 1225 2897 Vitellii
1274 2838 1703 2913 intersectum?
1748 2839 1823 2898 de
1868 2847 1882 2872 ‘
1914 2838 2028 2898 fide
2067 2858 2211 2904 con-‚

274 2916 616 2995 stantiaque’
649 2916 873 2986 eadem,
901 2917 1216 2977 tradidere.
2294 2924 2301 2931 ·

350 2998 479 3069 LV.
523 2997 816 3069 Vitellius,
865 3005 928 3056 ut
974 3018 1009 3056 e
1075 3012 1277 3056 somno
1307 2999 1580 3070 excitus,
1613 2998 1694 3073 (J
1702 3000 1881 3057 ulium
1929 2999 2204 3065 Priscum

177 3088 192 3115 ³
276 3095 293 3120 ‘
326 3090 388 3146 et
411 3070 744 3158 Alphenum
778 3077 989 3138 Varum
1017 3098 1147 3138 cum
1189 3081 1626 3156 quatuordecim
1667 3078 1968 3137 Praetoriis
1997 3080 2211 3137 cohor-

278 3175 295 3202 ·
326 3163 479 3235 tibus
523 3168 588 3223 et
615 3159 879 3225 omnibus
923 3160 1183 3238 equitum
1218 3159 1322 3217 alis
1371 3159 1644 3219 obsidere
1687 3157 2078 3235 Apenninum’
2112 3159 2210 3235 ju-

276 3247 397 3304 bet.
481 3240 691 3299 Secuta
709 3259 745 3296 e
767 3240 1021 3298 classicis
1050 3240 1222 3314 legio.
1312 3241 1433 3298 Tot
1453 3240 1630 3297 millia
1659 3245 2031 3308 armatorum,
2060 3240 2218 3297 lecta

284 3318 449 3401 equis
490 3319 773 3393 virisque,
802 3319 858 3375 si'
881 3320 1017 3378 Dux
1060 3320 1200 3378 alius
1228 3317 1403 3392 foret,
1442 3316 1747 3377 inserendo
1792 3335 2025 3393 quoque
2058 3320 2218 3377 bello

164 3425 170 3430 ·
280 3402 415 3462 satis
444 3396 758 3470 pollebant.
841 3397 1079 3456 Ceterae
1118 3399 1404 3458 'cohortes
1447 3398 1519 3456 ad
1566 3397 1832 3457 tuendam
1881 3398 2089 3456 urbem
2138 3397 2211 3456 L.

283 3475 522 3538 Vitellio
551 3473 713 3530 fratri
740 3473 907 3533 datae.
993 3478 1149 3552 Ipse,
1179 3478 1325 3537 nihil
1367 3498 1402 3538 e
1429 3480 1599 3537 solito
1622 3479 1765 3536 luxu
1803 3477 2126 3545 remittens,
2150 3486 2217 3534 et

287 3552 599 3631 diffidentia
643 3569 954 3627 {impe-rus,
978 3553 1259 3624 festinare,
1301 3557 1553 3630 comitia,
1598 3559 1806 3637 quibus
1836 3556 2118 3613 Consules
2152 3555 2216 3612 in
