2459 4075
303 189 355 228 J.
387 187 442 229 c.
476 167 573 227 69.
687 159 691 163 ·
785 160 1117 225 ffls‘ron.
1160 161 1315 225 mn.
1357 159 1740 226 Tannus,
2088 133 2093 138 ’
2123 177 2237 232 123

314 314 488 375 fidem
514 311 695 372 nob‘ili
735 308 1095 392 gaudio‚·(a)
1122 311 1381 372 Blaesum
1425 313 1706 373 visendo:
1742 311 1895 389 'quin
1942 322 2006 374 et
2049 318 2247 378 audita

313 402 402 455 est
438 393 758 454 saevissima
783 387 1018 452 'Vitellii
1044 411 1184 464 vox,
1213 413 1328 471 qua
1373 401 1389 427 ‘
1419 394 1507 452 se²
1551 392 1708 473 (ipsa
1734 392 1887 456 enim
1916 393 2104 455 verba
2140 411 2239 456 re-

310 472 520 553 feram)
566 480 582 508 ‘
614 473 845 551 pavisse
887 475 1115 537 oculos,
1144 481 1406 550 spectata
1450 473 1669 533 inimici
1709 475 1944 545 morte,’
1974 475 2237 552 jactavit.

311 551 528 625 Blaeso,
576 572 761 631 super
802 553 1121 611 claritatem
1167 554 1443 613 natalium
1490 566 1553 612 et
1599 554 1938 629 elegantiam
1993 569 2241 626 πιοτιιιιι,ι

307 634 445 694 fidei
487 633 793 693 obstinatio
841 631 964 690 suit.
1043 633 1296 709 ’Integris
1325 651 1554 711 quoque
1598 633 1796 703 rebuS,
1825 653 1859 692 a
1899 634 2139 693 Oaecina
2181 644 2242 695 et

308 714 661 791 primoribus
687 714 960 790 partium,
972 711 1096 789 jam
1114 711 1416 772 Vitellium
1445 713 1945 790 adspernantibuS,
1973 714 2240 787 amBi‘tus‚

308 796 570 852 abnuere
599 792 1043 870 perseveravit:
1088 801 1338 863 sanctae,
1368 793 1713 863 inturbidus,
1761 794 1999 864 nullius,
2028 814 2243 871 repen-

306 874 411 933 tini
440 874 700 943 honoris‚
730 872 876 931 adeo
903 892 1018 931 non
1061 870 1425 948 Principatus
1469 872 1537 931 ad
1583 880 1771 943 etenS,
1793 892 1998 952 parum
2020 874 2240 952 effuge-

309 960 420 1023 rat,
449 973 524 1012 ne
546 942 745 1029 dignus
772 953 1142 1010 crederetur.
1174 949 1268 1029 (b)
1434 892 1581 1027 L)

389 1032 516 1090 XL.
563 1033 775 1090 Fabius
801 1034 1035 1091 interim
1084 1030 1330 1100 Valens>‚
1358 1032 1540 1089 multo
1585 1050 1651 1089 ac
1685 1031 1863 1102 ,molli
1890 1034 2238 1104 concubinae,

311 1129 444 1169 rum
464 1111 900 1187 spadonumque
921 1110 1143 1185 agmine
1161 1111 1392 1185 segnius
1411 1128 1486 1185 qu
1495 1123 1585 1167 am
1607 1110 1678 1167 ad
1696 1111 1916 1169 bellum
1941 1113 2247 1182 incedens,‘

315 1195 333 1224 ‘
362 1190 653 1266 proditam
699 1210 733 1248 a
757 1190 982 1248 Lucilio
1024 1188 1203 1248 Basso
1236 1188 1629 1249 Ravennatem
1671 1188 1958 1259 classem‚'
1988 1193 2243 1268 pernici·
2346 1223 2349 1226 ·

311 1269 422 1327 bus
439 1272 650 1329 nuntiis
677 1269 924 1347 accepit.
1009 1266 1106 1338 Et,
1150 1271 1199 1327 si
1225 1277 1485 1346 coeptum
1526 1270 1642 1327 iter
1679 1277 2080 1345 properasset,
2131 1289 2239 1329 nu-

266 1403 269 1405 ,
314 1355 532 1407 tantem
573 1348 868 1408 Caecinam
916 1350 1275 1426 praevenire,
1315 1356 1430 1419 aut,
1480 1356 1612 1407 ante
1659 1347 1974 1407 discrimen
2010 1366 2241 1427 pugnae,
2281 1411 2285 1418 ,

313 1428 550 1507 adsequi
594 1428 854 1504 legiones
895 1431 1198 1505 potuisset.
1282 1427 1414 1487 Nec
1452 1427 1720 1501 deerant,
1762 1429 1879 1507 qui·
1909 1433 2245 1501 monerentj

315 1515 331 1542 ⁸
361 1516 426 1567 ut
471 1528 604 1567 cum
655 1507 944 1567 fidissimis
985 1525 1098 1585 per
1144 1510 1404 1568 occultos
1451 1509 1735 1580 tramites,
1777 1508 1954 1574 vitata
1995 1507 2242 1569 'Raven-

311 1597 327 1623 ‘
355 1592 454 1658 na,
482 1586 570 1668 (c)
591 1588 899 1648 Hostiliam
921 1588 1352 1648 Cremonamve
1369 1589 1693 1665 pergeret.’
1778 1587 1922 1646 Aliis
1949 1589 2240 1666 placebat,

311 1678 328 1704 ⁸
360 1669 558 1727 accitis
585 1688 661 1727 ex
697 1669 844 1727 urbe
875 1667 1174 1727 Praetoriis
1203 1667 1542 1727 cohortibus
1564 1668 1752 1727 valida
1777 1686 1948 1726 manu
1969 1687 2240 1745 perrum-

308 1757 323 1792 ⁴
354 1749 551 1826 pere.'
636 1748 794 1825 Ipse,
840 1747 1022 1808 inutili
1044 1749 1434 1819 cunctatione,
1464 1748 1669 1824 agendi
1706 1755 1978 1824 tempora
2004 1750 2236 1808 consul·

304 1828 485 1889 tando
526 1821 921 1905 consumpsit:
965 1845 1103 1886 mox
1132 1836 1443 1905 utrumque
1484 1826 1790 1886 consilium
1837 1826 2238 1905 adspernatu8‚

307 1906 467 1984 quod
496 1908 649 1966 inter
694 1907 964 1984 ancipitia
1008 1906 1387 1966 deterrimum
1429 1914 1538 1978 est,
1567 1907 1701 1966 dum
1728 1905 1919 1966 media
1954 1909 2240 1988 sequitur,

304 2001 421 2047 nec
452 2004 620 2044 ausus
643 1993 733 2046 est
751 1986 908 2055 satis,
937 2005 1047 2044 nec
1075 1987 1349 2063 providit.
1677 2020 1680 2023 ·

359 2065 549 2123 ,XLL
590 2066 785 2124 Missis
838 2066 910 2123 ad
975 2064 1280 2123 Vitellium
1346 2065 1578 2133 litteris,
1628 2066 1900 2137 auxilium
1961 2069 2236 2143 postulat.
2322 2122 2331 2131 .

305 2138 552 2206 Venere
605 2151 727 2203 tres
773 2145 1050 2202 cohortes
1091 2162 1225 2202 cum
1272 2144 1359 2201 ala
1386 2143 1753 2203 Britannica:
1778 2139 1993 2222 'neque
2021 2148 2090 2206 ad
2132 2146 2239 2207 fal-

301 2222 544 2285 lendum
570 2231 736 2302 aptus
775 2242 1076 2298 numerus,
1114 2241 1308 2298 neque
1338 2222 1406 2281 ad
1449 2224 1888 2299 penetrandum.
1975 2223 2090 2285 Sed
2118 2226 2236 2287 Va-

300 2308 434 2365 lens
463 2323 538 2362 ne
560 2305 800 2363 intanto
823 2302 1052 2381 quidem
1079 2302 1412 2360 discrimine
1434 2300 1664 2361 infamia
1683 2305 1888 2373 caruit,
1913 2324 2028 2381 quo
2048 2307 2237 2366 minus

300 2402 523 2462 rapere
566 2384 812 2446 inlicitas
854 2385 1202 2460 voluptatem
1242 2382 1656 2459 adulteriisque
1682 2403 1748 2442 ac
1789 2385 2006 2461 stupris
2047 2387 2233 2462 pollu-

301 2484 411 2526 ere
460 2465 757 2541 hospitum
794 2463 1018 2534 domus,
1063 2463 1449 2522 crederetur:
1496 2460 1733 2523 aderant
1771 2464 1863 2523 vis
1890 2472 1950 2524 et
1986 2466 2237 2543 pecunia

299 2554 364 2606 et
389 2545 618 2605 ruentis
658 2543 907 2603 fortunae
950 2543 1260 2602 novissima
1286 2542 1486 2600 libido.
1515 2537 1613 2622 (d)
1696 2544 1964 2604 Adventu
2000 2545 2232 2605 demum

253 2678 258 2683 .
300 2624 568 2709 peditum
610 2625 989 2702 equitumque
1016 2622 1525 2701 pravitasconsilii
1565 2623 1775 2699 patuit,
1818 2626 1952 2702 quia
1993 2644 2104 2683 nec
2131 2645 2230 2686 va·

302 2705 447 2764 dere
476 2702 810 2782 per'hostes
847 2710 960 2761 tam
988 2722 1169 2779 parva
1193 2718 1362 2763 manu
1401 2709 1652 2779 poterat,
1681 2709 1851 2764 etiam
1872 2705 1921 2764 si
1962 2704 2235 2764 fidissima

303 2782 480 2853 soret,
508 2804 620 2842 nec
639 2784 923 2860 integram
948 2783 1121 2842 fidem
1143 2782 1484 2842 adtulerant.
1569 2782 1766 2843 Pudor
1785 2792 1974 2844 tamen
1992 2792 2054 2844 et
2080 2804 2234 2862 prae·

307 2862 488 2920 sentis
532 2862 711 2922 Ducis
762 2863 1099 2923 reverentia
1139 2862 1686 2933 morabatur,‘haud
1715 2865 1983 2925 diuturna
2008 2865 2241 2927 vincula

307 2941 461 3017 apud
488 2941 686 3001 avidos
729 2943 1128 3021 periculorum
1178 2950 1240 3003 et
1285 2942 1593 3002 dedecoris
1637 2961 1898 3006 securos.
1983 2944 2074 3003 Eo
2110 2963 2232 3004 me-

370 3208 406 3241 a
435 3193 615 3245 Nobili
625 3196 833 3259 gaudio,
852 3194 981 3243 with
1001 3200 1149 3258 great
1159 3196 1270 3258 joy.
1848 3240 1853 3246 .

369 3258 400 3307 b
431 3258 627 3310 Parum
642 3278 666 3310 e
706 3262 1235 3325 ugeratss-crederetur„
1303 3252 1386 3313 He
1401 3260 1656 3325 nan-owly
1671 3261 1881 3324 escaped
1895 3258 2049 3327 being
2059 3261 2231 3314 doem-

306 3322 372 3372 ed
391 3326 594 3387 worthy
679 3328 767 3376 the
787 3326 1076 3375 succession.
1177 3382 1184 3387 „

370 3404 397 3437 c
432 3389 692 3451 Ravenna,
708 3409 773 3442 an
794 3392 992 3443 ancient
1008 3391 1113 3455 city
1128 3390 1187 3440 of
1213 3392 1359 3455 Italy,
1380 3406 1502 3442 near
1521 3393 1608 3442 the
1644 3398 1780 3443 coast
1800 3394 1865 3444 os'
1878 3395 1966 3445 the
1987 3393 2229 3446 Adriatic.

304 3453 350 3504 rt
366 3454 409 3502 is
430 3454 533 3503 still
554 3457 719 3506 called
742 3459 1004 3508 Ravenna.

367 3521 403 3569 d
434 3521 506 3570 Et
529 3528 721 3573 ruentis
748 3527 973 3588 sortunoe
1007 3526 1269 3574 novissima
1309 3525 1478 3576 libido.
1545 3524 1629 3574 He
1657 3541 1786 3590 gave
1806 3532 2005 3591 greater
2039 3525 2226 3574 license

302 3590 353 3635 to
373 3585 451 3635 his
473 3586 692 3652 passinus
707 3590 921 3643 because
938 3590 1004 3640 he
1026 3588 1236 3639 foresaw
1256 3606 1288 3640 a
1304 3605 1505 3641 reverse
1529 3591 1586 3640 of
1598 3592 1812 3640 fortune.

1962 3800 1991 3843 Ὗ
