2459 4075
319 175 370 215 ι.
402 177 459 215 ο.
490 162 587 216 70.
626 209 633 216 .
817 154 1143 216 msmn.
1187 155 1340 218 Lm.
1385 121 1801 250 QmNrUs.'
2122 155 2240 209 215
2297 129 2306 143 ‘

316 314 455 367 ,cum
504 303 857 371 exercitum,
902 314 1125 362 manus
1155 302 1451 371 tendebat,
1501 308 1518 333 ‘
1570 307 1634 358 ut
1665 317 1832 359 suam
1883 298 2092 374 ripam,
2140 315 2241 387 sua
2323 326 2332 331 -

321 389 337 413 ⁶
369 389 578 450 castra,
621 383 892 458 sanguine
936 381 1678 457 hostium-reciperarenb'·
1756 378 2022 437 Alacrior
2057 395 2238 433 omni·
2271 375 2286 391 ‘'

316 479 415 520 um
442 464 682 532 clamor,
721 463 849 540 quis
873 462 971 522 vel
999 481 1037 520 e
1072 462 1243 535 longa
1269 480 1414 536 pace
1441 459 1636 536 proelii
1669 458 1920 536 Ἴ(ιιιΡίὀο,
1943 459 2044 536 {vel
2072 455 2240 516 fessis

316 539 487 597 bello
513 542 672 617 poeis
700 561 884 611 amor,
921 540 1282 617 praemiaque
1324 548 1385 598 et
1409 540 1578 617 quies
1621 538 2003 613 inposterum
2037 555 2238 613 spera,-

320 620 549 680 bantur.

260 709 269 718 “
368 698 597 760 ,XVIL
642 700 777 759 Nec
814 661 1021 758 Civilis
1046 673 1317 760 silentem
1343 671 1557 758 struxit
1583 699 1788 768 aciem,
1816 699 2006 764 locum
2029 681 2242 772 ,pugnas

316 783 527 837 testem
555 780 786 842 virtutis
822 779 982 838 ciens
999 801 1033 856 ,²-
1069 786 1085 813 ‘
1124 787 1282 840 stare
1317 779 1642 840 Germanos
1670 773 2035 854 Batavosque
2062 794 2244 850 super

321 859 600 933 ‘vestigia
661 860 889 936 gloriae,
954 858 1189 920 cineres
1249 877 1490 935 ossaque
1542 858 1837 933 legionum
1901 858 2234 916 calcantes:

319 943 337 969 ⁴
369 957 719 1016 quocunque
803 940 1001 998 oculos
1066 939 1357 1005 Romanus
1416 938 1770 1008 intenderet,
1828 936 2245 1013 captivitatem,

321 1023 336 1048 ‘
366 1019 711 1095 clademque
777 1027 838 1077 et
881 1019 1008 1076 dira
1068 1019 1258 1077 omnia
1293 1017 1619 1086 observari.
1663 1057 1670 1062 -
1721 1017 1822 1076 Ne
1875 1022 2246 1088 terrerentur

322 1103 338 1129 ⁴
366 1098 533 1155 vario
584 1098 902 1158 Treverici
970 1099 1167 1175 proelii
1215 1104 1468 1157 eventu:
1539 1114 1700 1156 suam
1758 1098 1878 1154 illic
1942 1097 2250 1162 victoriam

317 1181 339 1207 ‘
364 1175 670 1235 Germanis
699 1178 1009 1248 obstitisse,
1038 1179 1196 1248 dum,
1229 1177 1454 1235 omissis
1493 1176 1650 1246 telis,
1696 1176 1899 1252 praeda
1937 1194 2133 1233 manus
2159 1175 2245 1233 in-

218 1307 231 1312 -
324 1255 648 1331 “-Ροῶιιηῐ;
721 1258 827 1315 sed
877 1266 1086 1330 cuncta
1129 1278 1265 1315 mox
1313 1275 1602 1333 prospera
1654 1264 1716 1314 et
1761 1255 1912 1328 hosti
1956 1255 2248 1313 contraria

322 1340 338 1365 ‘
370 1335 673 1393 evenisse,
759 1339 904 1405 Qum
959 1338 1262 1410 provideri
1309 1345 1434 1395 astu
1485 1336 1660 1394 Ducis
1689 1338 2053 1411 -oportuerit,
2108 1353 2244 1410 prof

320 1417 336 1444 ‘
370 1412 532 1484 visag
579 1432 814 1490 campos
862 1414 1157 1474 madentes
1205 1421 1266 1472 et
1309 1411 1456 1489 ipsis
1488 1432 1736 1487 gnaros3
1778 1415 2015 1489 paludes
2067 1414 2245 1482 hosti-

321 1497 337 1523 ‘
367 1492 475 1552 bus
519 1493 737 1558 noxias.
825 1493 1186 1562 Rhenumet
1231 1493 1570 1554 Germaniae
1611 1494 1774 1554 Deos
1813 1492 1872 1549 in
1928 1495 2243 1569 adspectu:

320 1578 609 1647 “quorum
641 1572 873 1634 numine
916 1581 1299 1649 capesserent
1353 1571 1623 1648 pugnam,
1667 1575 1996 1650 conjugum,
2042 1590 2247 1649 paren-

316 1657 335 1685 ‘
365 1658 510 1722 tum,
539 1652 738 1729 patriae
775 1672 1065 1712 memores
1093 1678 1107 1712 :
1155 1655 1320 1714 illum
1346 1653 1501 1710 diem
1530 1661 1624 1712 aut
1643 1652 2067 1729 gloriossimum
2095 1653 2251 1711 inter

323 1737 339 1765 ‘
367 1734 641 1808 majores,
695 1742 790 1794 aut
834 1733 1278 1809 ignominiosum
1315 1734 1468 1811 apud
1521 1742 1811 1810 posteros,
1872 1730 2046 1792 fore.’
2132 1732 2254 1794 Ubi

317 1828 461 1870 sono
504 1832 793 1884 armorum
840 1812 954 1891 (m)
994 1815 1381 1892 tripudiisque
1423 1813 1531 1896 (ita
1572 1813 1686 1871 illis
1731 1810 1884 1891 mos)
1933 1813 2249 1889 adprobata
2327 1859 2336 1868 .

315 1898 453 1948 sunt
477 1892 650 1961 dicta,
672 1887 822 1951 saitis
848 1893 1263 1970 glandibusque
1306 1901 1368 1951 et
1394 1894 1609 1952 ceteris
1637 1893 1948 1969 missilibus
1977 1892 2249 1968 proelium

228 1988 237 2001 ¹
321 1967 635 2045 incipitur:
693 1990 886 2047 neque
941 1981 1136 2030 nostro
1184 1974 1368 2030 milite
1427 1974 1700 2048 paludem
1745 1973 2131 2048 ingrediente,
2188 1978 2249 2029 et

317 2045 650 2117 Germanis,
672 2057 736 2107 ut
756 2051 1064 2119 elicerent,
1096 2052 1533 2109 lacessentibus.
1751 2087 1755 2091 <
2229 2096 2240 2103 s

405 2126 627 2184 xvm.
673 2129 1027 2202 Absumptis,
1057 2147 1189 2204 quae
1219 2129 1538 2204 jaciuntur,
1577 2134 1637 2185 et
1664 2127 2006 2187 ardescente
2036 2150 2276 2211 pugna,-

323 2222 672 2280 proeursum
693 2209 764 2264 ab
797 2208 965 2265 hoste
984 2207 1249 2267 infestius
1276 2231 1290 2266 :
1333 2207 1610 2265 inmensis
1638 2209 1985 2284 corporibus
2006 2216 2067 2267 et
2092 2230 2250 2286 prae·

214 2314 229 2327 κ
323 2285 506 2360 longis
536 2286 710 2344 hastis
739 2284 1055 2346 fluitantem
1096 2288 1503 2364 labantemque
1531 2286 1772 2347 militem
1820 2288 2039 2347 eminus
2066 2288 2249 2348 fodie-

323 2364 496 2433 bant:
542 2366 710 2424 simul
739 2385 773 2425 e
804 2369 980 2439 mole,
1023 2387 1203 2444 quam*
1225 2369 1489 2435 eductam
1525 2369 1583 2426 in
1610 2367 1875 2425 Rhenum
1924 2370 2248 2442 retulimus,

327 2443 748 2504 Bructerorum
788 2466 1010 2506 cuneus
1037 2448 1317 2507 tranavit:
1363 2446 1685 2507 turbataibi
1713 2466 1809 2506 res
1837 2469 1851 2505 ε
1898 2455 1959 2508 et
1990 2451 2249 2524 pelleba-

308 2532 421 2607 tur
447 2526 734 2584 sociarum
760 2528 1086 2586 cohortium
1125 2528 1302 2600 acies,
1344 2548 1477 2601 cum
1517 2529 1775 2603 legiones
1816 2548 2063 2604 pugnam
2092 2529 2251 2588 exci-
2347 2574 2356 2578 -

325 2605 508 2681 pium,
549 2626 975 2684 suppressaque
1021 2608 1273 2667 hostium
1339 2608 1580 2678 ferocia,
1658 2608 1928 2683 proelium
1968 2617 2247 2685 aequatur.

328 2686 491 2744 Inter
513 2706 639 2762 quae
678 2685 923 2763 perfuga
958 2687 1212 2747 Batavus
1236 2689 1710 2757 adiitCerialem‚
1742 2695 1757 2720 ‘
1788 2697 1948 2764 terga
1972 2689 2245 2747 hostium’

328 2766 693 2840 promittens,
741 2774 756 2800 ‘
787 2768 834 2827 si
880 2775 1148 2826 extremo
1190 2768 1413 2844 paludis
1469 2787 1651 2848 eqpes
1705 2770 2064 2827 mitteretur:
2111 2769 2247 2827 soli-

327 2852 343 2878 ⁸
375 2845 508 2903 dum
530 2845 648 2913 illa,
678 2852 738 2903 et
777 2847 1105 2922 Gugernos‘,
1136 2849 1356 2925 quibus
1380 2849 1639 2913 custodia
1666 2849 2022 2920 obvenisset,
2050 2869 2251 2926 parum

326 2931 343 2957 ‘
375 2923 670 2985 intentosss
755 2924 904 2982 Duae
933 2928 1062 2997 alae,
1110 2947 1244 2985 cum
1292 2928 1536 3004 perfuga
1571 2932 1800 2995 missas„
1825 2929 2054 2987 incauto
2099 2930 2251 2987 hosti

328 3001 898 3061 circumfunduntur:
946 3006 1100 3081 quod
1144 3007 1244 3063 ubi
1288 3010 1545 3065 clamore
1573 3007 1887 3081 cognitum,
1930 3008 2190 3081 legiones
2218 3027 2251 3066 a

325 3081 517 3140 fronte
564 3082 911 3151 incubuere,
957 3084 1228 3160 pulsique
1277 3087 1550 3145 Germani
1600 3085 1866 3147 Rhenum
1912 3087 2047 3162 fuga
2085 3094 2251 3164 pete-

325 3165 484 3222 ban't.
567 3161 939 3221 Debellatum
986 3164 1058 3220 eo
1104 3164 1201 3220 die
1245 3164 1418 3234 foret,
1460 3167 1508 3223 si
1541 3165 1797 3223 Romana
1842 3167 2040 3224 classis
2085 3168 2249 3244 sequi

327 3249 685 3318 maturasset.
767 3241 862 3300 Ne
911 3262 1093 3319 eques
1141 3243 1374 3319 quidem
1418 3245 1641 3315 institit,
1683 3251 1929 3322 repente
1957 3246 2096 3307 susis
2141 3249 2248 3308 im-

328 3322 529 3381 bribus
557 3329 617 3380 et
642 3322 968 3400 propinqua
994 3329 1186 3381 nocte.
1539 3328 1543 3333 ’

410 3401 573 3458 ΧΙΧ.
617 3401 860 3461 Postera
929 3403 1049 3472 die,
1095 3404 1526 3479 quartadecima
1577 3404 1731 3479 legio
1771 3404 1831 3463 in
1869 3406 2248 3481 ,superiorem

329 3481 691 3561 provinciam
735 3483 906 3540 Gallo
934 3483 1120 3543 Annio
1143 3483 1315 3542 missa
1339 3507 1354 3542 ι
1402 3484 1647 3565 Cerialis
1676 3486 2001 3546 exercitum
2025 3486 2248 3545 decima

726 3670 775 3706 m
809 3656 902 3707 See
923 3660 1009 3708 the
1030 3673 1258 3711 manners
1279 3656 1337 3711 of
1343 3661 1429 3710 the
1452 3634 1714 3739 Germane,
1735 3644 1772 3710 s.
1793 3644 1869 3711 11ss

1599 3966 1630 3985 Ο
