2459 4075
287 183 360 247 72
473 183 482 194 ‘
857 177 929 237 C.
974 176 1221 237 CORN.
1269 175 1576 239 'r-Ael'rl.
1622 227 1627 236 ,
1800 198 1939 240 ,muz
1971 200 2027 240 c.
2062 181 2199 238 822.

355 320 480 382 XL.
525 320 661 381 Non
698 328 764 382 ut
788 322 858 381 ad
892 343 1163 401 pugnam,
1184 323 1293 383 sed
1328 324 1397 383 ad
1422 324 1773 394 bellandum,
1813 324 2092 401 profecti,
2110 322 2207 404 (y)

272 402 631 466 confluentes
661 403 798 461 Padi
826 411 888 462 et
913 404 1132 464 Adduae
1159 404 1482 475 fluminum,
1510 404 1770 463 sedecim
1796 404 1930 466 inde
1952 405 2204 463 millium

270 483 456 558 spatio
495 482 792 553 distanteS,
830 486 1126 559 petebant.
1209 482 1391 543 Celso
1413 491 1473 543 et
1501 483 1765 544 Paullino
1793 484 2200 553 abnuentibus,

273 569 289 596 ‘
318 562 561 621 militem
604 563 816 622 itinere
859 561 1098 634 sessum,
1131 563 1374 622 sarcinis
1409 582 1670 638 gravem,
1715 564 1979 640 objicere
2019 562 2198 632 hosti,

268 650 284 675 ‘
310 662 427 701 non
466 643 805 712 admissum,
834 663 953 720 quo
980 645 1165 702 minus
1195 643 1529 719 expeditus,
1574 651 1635 703 et
1660 644 1760 703 vix
1789 650 2036 721 quatuor
2057 642 2190 701 mil-

268 729 283 756 ‘
307 722 386 781 lia
411 742 680 799 passuum
725 741 1093 801 progressus,
1122 730 1218 782 aut
1246 723 1657 802 incompositos
1705 723 1761 782 in
1807 724 2053 800 agmine,
2101 725 2200 780 aut

266 811 280 837 ‘
311 801 608 878 dispersos
644 810 707 862 et
740 804 956 862 vallum
1002 805 1317 863 molientes
1340 802 1804 879 adgrederetur.'
1829 802 1925 884 (z)
2005 802 2191 861 Titia·

264 899 372 939 nus
401 889 462 940 et
490 882 794 952 Proculae„
843 883 940 942 ubi
987 884 1246 943 consiliis
1294 882 1696 953 vincerentur,
1733 884 1804 942 ad
1819 883 1920 959 jus
1950 881 2193 958 Imperii

261 960 595 1021 transibant.
688 963 905 1022 Aderat
930 982 1069 1021 sane
1097 964 1242 1022 citus
1271 982 1424 1038 equo
1454 961 1709 1021 Numida
1730 981 1865 1022 cum
1893 961 2190 1022 atrocibus

262 1041 560 1112 mandatis,
606 1041 815 1119 quibus
843 1042 1023 1113 Otho,
1060 1043 1349 1119 increpita
1375 1050 1392 1078 ‘
1421 1042 1633 1101 ducum
1668 1042 1932 1118 segnitia,
1981 1060 2108 1100 rem
2131 1041 2192 1099 in

249 1121 290 1152 Α(
309 1120 621 1180 discrimen
649 1122 817 1180 mitti’
837 1122 1123 1198 jubebat3
1168 1142 1335 1199 aeger
1364 1140 1529 1182 mora
1555 1128 1615 1180 et
1641 1122 1770 1199 spei
1795 1121 2103 1199 inpatiens.

253 1213 260 1220 ·
338 1199 497 1259 XLI.
542 1201 760 1261 Eadem
807 1202 925 1272 die,
970 1202 1039 1260 ad
1074 1201 1391 1272 Caecinam,
1439 1201 1610 1278 operi
1649 1202 1842 1278 pontis
1882 1202 2187 1269 intentum,

261 1279 375 1339 duo
432 1279 850 1340 Praetoriarum
904 1282 1235 1340 cohortium
1295 1282 1569 1351 Tribuni,
1637 1280 2008 1359 conloquium
2061 1279 2188 1355 ejus

261 1362 639 1437 postulantes,
690 1368 999 1420 venerunt.
1071 1389 1078 1394 ·
1111 1361 1340 1419 Audire
1394 1359 1754 1420 conditiones
1816 1379 1883 1419 ac
1935 1358 2190 1419 reddere

261 1441 519 1515 parabat,
548 1460 682 1498 cum
703 1439 1039 1517 praecipites
1069 1441 1497 1515 exploratores,
1526 1439 1728 1499 adesse
1764 1440 2015 1510 hostem,
2043 1456 2190 1496 nun-

259 1518 505 1577 tiavere.
603 1521 968 1597 Interruptus
1014 1518 1415 1579 Tribunorum
1462 1538 1725 1579 sermor
1759 1538 1949 1596 eoque
1994 1519 2186 1577 incer·

257 1605 381 1666 tum
425 1596 555 1667 fuit,
603 1598 837 1656 insidias
886 1619 956 1657 an
1004 1598 1416 1677 proditionem,
1457 1602 1555 1659 vel
1605 1599 1837 1677 aliquod
1879 1600 2189 1658 honestum

256 1677 562 1737 consilium
583 1681 989 1755 coeptaverint.
1076 1678 1337 1751 Caecina,
1375 1679 1622 1740 dimissis
1651 1679 1955 1747 Tribunis,
1979 1695 2190 1735 revec-

253 1764 347 1815 tus
375 1757 435 1813 in
456 1764 663 1831 castra,
708 1758 902 1817 datum
927 1760 1098 1834 jussu
1127 1760 1294 1817 Fabii
1344 1760 1609 1820 Valentis
1638 1777 1847 1834 pugnae
1885 1756 2110 1832 signum
2129 1762 2194 1814 et

256 1834 500 1894 militem
527 1834 586 1893 in
614 1837 786 1894 armis
812 1839 1052 1895 invenit.
1142 1838 1296 1895 Dum
1322 1840 1593 1914 legiones
1614 1838 1689 1893 de
1719 1837 1926 1893 ordine
1952 1833 2190 1910 agminis

253 1915 593 1985 sortiunter,
620 1915 847 1992 equites
876 1933 1207 1992 prorupere
1237 1939 1251 1973 ε
1300 1923 1380 1986 et,
1407 1917 1618 1975 mirum
1639 1914 1816 1983 dictu,
1839 1934 1873 1972 a
1896 1913 2189 1990 pauciori·

250 1996 361 2055 bus
399 1993 744 2055 Othonianis
774 2015 888 2075 quo
917 1996 1102 2055 minus
1132 1996 1191 2056 in
1220 1997 1437 2060 vallum
1473 1995 1938 2073 inpingerentur,
1970 1992 2197 2055 ltalicae

253 2075 498 2152 legionis
523 2077 737 2136 virtute
754 2076 1022 2137 deterriti
1043 2084 1209 2137 sunt:
1257 2095 1327 2135 ea
1343 2076 1557 2136 strictis
1574 2075 1969 2144 mucronibus,
1992 2073 2194 2133 redire

255 2158 451 2233 pulsos
500 2166 561 2217 et
589 2176 834 2234 pugnam
861 2175 1165 2216 resumere
1203 2158 1415 2233 coegit.
1503 2155 1798 2233 Disposita
1839 2154 2190 2216 Vitelliano·

253 2252 385 2293 rum
405 2238 699 2313 legionum
745 2239 899 2297 acies
926 2239 1052 2296 sine
1095 2237 1525 2314 trepidatione:
1569 2235 1807 2306 etenim,
1845 2245 2198 2314 quamquam

257 2317 449 2375 vicino
493 2319 684 2389 hoste,
724 2318 1030 2394 adspectus
1072 2336 1367 2375 armorum
1392 2316 1584 2374 densis
1625 2315 1873 2375 arbustis
1901 2313 2183 2393 prohibe-

250 2395 464 2455 batur:
512 2398 668 2472 apud
689 2397 1072 2465 Othonianos,
1113 2395 1309 2470 pavidi
1356 2395 1556 2466 duces,
1587 2397 1755 2454 miles
1807 2396 2050 2454 ducibus
2092 2392 2181 2450 in·

253 2470 471 2546 sensus,
494 2474 957 2534 mixta-vehicula
978 2482 1037 2534 et
1058 2474 1216 2544 lixae,
1240 2482 1321 2550 et,
1335 2477 1647 2552 praeruptis
1676 2473 1965 2551 utrimque
1992 2471 2187 2543 fossis,

257 2555 352 2613 via
392 2555 591 2633 quieto
617 2571 850 2630 quoque
878 2555 1084 2630 agmini
1114 2562 1363 2629 angusta.
1449 2555 1897 2613 circumsistere
1938 2550 2035 2612 alii
2072 2551 2186 2625 sig-

252 2654 326 2691 na
352 2653 475 2703 sua,
525 2652 795 2710 quaerere
824 2634 955 2693 alii:
1002 2638 1260 2693 incertus
1310 2634 1561 2712 undique
1591 2636 1817 2704 clamor
1866 2631 2179 2691 adcurren-

252 2713 415 2780 tium,
445 2713 856 2771 vocitantiumt
904 2721 986 2785 et,
1028 2721 1088 2772 ut
1127 2714 1338 2791 cuique
1381 2714 1616 2773 audacia
1659 2713 1759 2772 vel
1806 2711 2075 2781 formido,
2123 2709 2188 2773 in

251 2791 498 2867 primam
550 2799 977 2870 postremamve
1026 2793 1209 2851 aciem
1254 2794 1732 2871 prorumpebant,
1780 2794 1879 2852 vel
1928 2790 2187 2850 revehe-

255 2874 485 2929 bantur.

339 2949 527 3009 XL11.
572 2951 867 3010 Adtonitas
923 2952 1110 3012 subito
1138 2959 1374 3011 terrore
1420 2961 1646 3012 mentes
1675 2952 1877 3011 falsum
1920 2950 2191 3026 gaudium

251 3030 308 3095 in
327 3030 663 3108 languorem
684 3034 882 3106 vertit,
929 3032 1207 3110 repertis,
1239 3035 1339 3110 qui
1365 3039 1382 3066 ‘
1407 3032 1725 3093 descivisse
1753 3052 1801 3127 ᾗ
1807 3030 2051 3091 Vitellio
2078 3048 2183 3088 ex-

313 3240 349 3285 y
380 3225 464 3274 Ad
494 3240 735 3290 pugnam,
770 3233 826 3276 to¹
840 3227 982 3290 figat,
1005 3226 1071 3275 ud
1090 3225 1401 3287 bellandum,
1441 3231 1496 3275 to
1516 3240 1665 3289 carry
1681 3241 1744 3275 on
1763 3224 1979 3274 wat-like
2000 3237 2178 3285 opera-

257 3289 383 3338 tions
402 3292 675 3352 generally.
743 3292 969 3354 Mul-phy
984 3290 1159 3340 thinks
1172 3292 1276 3341 this
1294 3293 1382 3341 the
1398 3292 1513 3340 idea
1532 3293 1592 3341 os
1605 3293 1692 3340 the
1708 3292 1906 3341 author.
1976 3288 2185 3338 Bai-bon
2272 3344 2279 3349 ,

258 3354 423 3403 differs
440 3356 566 3404 from
587 3355 712 3404 him.
762 3355 846 3404 H'e
863 3370 1098 3418 supposes
1114 3359 1202 3405 the
1223 3361 1454 3405 sentence
1485 3372 1684 3414 means3
1719 3357 1871 3419 They
1889 3359 2027 3404 went
2040 3360 2128 3404 not
2141 3369 2203 3403 as

251 3420 301 3532 {f
313 3426 367 3469 to
388 3436 423 3496 α.
438 3420 674 3534 dqubtfutl
695 3420 906 3479 conflict,
926 3421 1024 3468 but
1036 3421 1294 3486 believing
1312 3423 1434 3485 they
1449 3435 1587 3472 were
1607 3422 1833 3471 about-to
1849 3419 1947 3470 end
1966 3420 2054 3469 the
2074 3433 2187 3469 war

289 3499 654 3611 {aggesta-31²2
666 3499 772 3598 (axi.
786 3564 1068 3615 progressus
1101 3567 1251 3616 agree
1271 3551 1399 3600 with
1419 3555 1678 3613 exercitus,
1713 3549 2055 3607 undem,
2068 3552 2110 3599 i.
2126 3566 2171 3601 e.

249 3614 593 3734 ἔηίἷὶὲῗὲιέιέζ
592 3632 610 3726 3
615 3618 983 3728 ‹1{ae,mp⁰⁸it⁰⁸
1003 3613 1245 3681 dispersos
1264 3614 1362 3666 and
1398 3621 1645 3669 molientes
1671 3616 1805 3668 have
1844 3617 2098 3666 reference
2120 3620 2183 3667 to
