2459 4075
67 2222 132 2278 X„

137 2078 148 2085 a

107 2236 116 2243 ,

238 159 354 216 120
830 159 902 219 G.
950 157 1196 220 coRN.
1241 158 1551 221 TAcl‘rl.
1726 185 1815 223 *A-
1839 184 1898 224 υ.
1930 185 1986 225 c.
2012 153 2151 226 822.

226 302 363 361 tiam
388 302 752 381 conruptior.
836 303 972 365 Non
1008 306 1273 383 dignitas,
1309 326 1425 366 non
1466 315 1603 367 aetas
1645 311 2009 387 protegebat,
2040 328 2158 388 quo

227 382 415 440 minus
434 390 635 459 stupra
655 384 936 456 madibus,
952 387 1148 447 caedes
1169 389 1384 463 stupris
1403 387 1809 448 miscerentur.
1873 390 2157 449 Grandae-

226 479 336 520 vos
376 480 571 534 senes,
601 470 804 523 exacta
838 473 1011 525 astate
1047 466 1311 539 feminaS,
1339 468 1492 527 viles
1533 468 1604 527 ad
1649 468 1928 546 praedam‚
1957 467 2056 549 (u)
2096 469 2157 528 in
2238 502 2243 507 ·

227 541 540 602 ludibrium
568 547 895 605 trahebant.
976 544 1092 606 Ubi
1115 548 1305 608 adulta
1320 548 1507 626 virgo,
1530 555 1627 608 aut
1653 550 1780 626 quis
1808 548 1993 608 forma
2011 568 2152 609 con-

226 619 482 703 spicuus,
510 623 829 695 incidisset,
857 625 916 685 vi
938 628 1315 705 manibusque
1344 629 1673 705 rapentium
1698 629 1977 700 divulsus,
1994 629 2153 706 ipsos

225 708 525 779 postremo
570 704 904 782 direptores
945 706 1006 764 in
1050 714 1307 766 mutuam
1349 708 1675 786 perniciem
1716 711 1959 785 agebat:
2017 710 2154 768 dum

227 783 556 859 pecuniam,
585 787 683 843 vel
721 786 920 860 gravia
959 806 1101 846 auro
1142 789 1497 864 templorum
1540 789 1711 859 dona,
1759 789 1872 848 sibi
1906 790 2154 866 ‘quisque

224 862 479 932 trahunt,
517 865 740 942 majore
784 866 1031 925 aliorum
1076 867 1137 926 vi
1184 870 1615 927 truncabantur.
1630 891 1651 948 ‚⁴
1698 868 1942 940 Quidam
1985 867 2158 928 obvia

224 940 573 1017 adspernati,
591 946 940 1005 verberibus
957 947 1376 1024 tormentisque
1398 948 1760 1007 dominorum
1779 949 1970 1006 abdita
1989 966 2157 1008 scru-

223 1020 354 1090 tari,
382 1021 610 1082 defossa
637 1043 877 1084 eruere.
962 1026 1146 1087 Faces
1173 1027 1234 1087 in
1255 1029 1514 1086 manibus
1541 1050 1554 1086 ε
1589 1041 1751 1106 quas,
1769 1028 1867 1087 ubi
1894 1028 2152 1104 praedam

224 1110 580 1175 egesserant,
609 1104 668 1162 in
690 1123 898 1166 vacuas
923 1105 1124 1166 domos
1161 1115 1222 1167 et
1249 1108 1436 1166 inania
1467 1108 1686 1184 templa
1712 1125 1825 1184 per
1860 1109 2151 1166 lasciviam

213 1180 651 1255 jaculabanture
696 1192 877 1263 utque
919 1189 1207 1259 exercitu,
1250 1187 1412 1247 vario
1459 1187 1687 1264 linguis,
1730 1188 2011 1256 moribus,
2058 1186 2152 1246 cui

224 1260 409 1330 civeS‚
438 1264 604 1335 socii,
633 1266 864 1324 externi
884 1267 1260 1337 interessent,
1288 1267 1542 1327 diversae
1568 1266 1893 1344 cupidineS,
1922 1277 1982 1327 et
2002 1266 2154 1325 aliud

225 1340 440 1417 cuique
468 1341 573 1414 fas,
595 1364 706 1403 nec
735 1346 1047 1424 quidquam
1072 1348 1376 1406 inlicitum.
1460 1346 1581 1405 Per
1607 1348 1970 1424 quatriduum
1999 1345 2148 1403 Cre-

225 1437 396 1477 mona
421 1423 670 1483 suffecit.
756 1425 907 1482 Cum
935 1429 1125 1484 omnia
1143 1445 1310 1485 sacra
1337 1425 1696 1504 profanaque
1723 1427 1782 1485 in
1803 1428 1934 1503 igne
1960 1424 2150 1485 consi-

226 1497 457 1571 derent,
501 1504 690 1562 solum
737 1502 1018 1580 Mephitis
1069 1503 1164 1584 (v)
1208 1507 1489 1582 templum
1535 1506 1697 1566 stetit
1741 1513 1873 1565 ante
1919 1505 2154 1574 moenia,

213 1578 382 1647 locu,
417 1598 523 1639 seu
550 1581 807 1647 Numine
843 1583 1170 1646 defensum.

304 1656 586 1721 XXXIV.
631 1661 747 1720 Hic
781 1663 971 1722 exitus
1010 1664 1347 1735 Cremonae,
1376 1683 1523 1723 anno
1553 1663 1934 1723 CCLXXVI.
1962 1684 1994 1723 a
2030 1663 2150 1740 pri-

225 1738 451 1798 mordio
504 1741 613 1800 sui.
708 1741 956 1803 Condita
1012 1752 1141 1803 erat
1188 1746 1291 1805 Ti.
1355 1745 1702 1821 Sempronio
1756 1752 1818 1803 et
1871 1742 2155 1801 Cornelio

181 1887 188 1892 .
227 1813 600 1890 consulibus,
649 1821 976 1896 ingruente„
1002 1823 1062 1882 in
1107 1825 1328 1882 Italiam
1375 1822 1726 1893 Hannibale,
1757 1821 2152 1900 propugnacu-

225 1894 343 1952 lum
373 1895 648 1957 adversus
666 1900 889 1970 Gallos,
917 1909 1074 1959 trans
1104 1902 1324 1961 Padum
1345 1907 1600 1978 agentes„
1632 1909 1691 1960 et
1718 1904 1765 1960 si
1795 1921 1908 1979 qua
1929 1902 2038 1959 alia
2062 1901 2159 1959 vis

223 1988 337 2055 per
362 1979 542 2057 Alpes
584 1987 803 2039 rueret.
891 1979 1072 2057 Igitur
1113 2000 1357 2041 numero
1405 1982 1769 2051 colonorum,
1812 1980 2155 2058 opportuni-

227 2067 344 2119 tate
389 2060 712 2131 fluminum,
760 2061 948 2118 ubere
1002 2064 1144 2137 agri,
1201 2081 1431 2121 annexu
1494 2061 1916 2137 connubiisque
1967 2060 2153 2137 genti-

154 2155 182 2215 ξ
225 2153 344 2209 um,
372 2138 480 2219 (w)
522 2140 774 2199 adolevit
814 2139 1148 2216 floruitque,
1177 2142 1350 2200 bellis
1379 2141 1636 2199 externis
1680 2143 1921 2213 intacta3
1946 2141 2153 2199 civili-

224 2219 332 2276 bus
360 2218 584 2299 infelix.
669 2220 973 2289 AntoniuS,
1002 2222 1229 2296 pudore
1257 2220 1478 2296 fiagitii,
1507 2221 1892 2279 crebescente
1922 2219 2159 2294 invidia,

225 2298 427 2370 edixit,
451 2307 468 2335 ⁴
493 2316 570 2359 ne
598 2299 727 2376 quis
750 2299 1181 2357 Cremonenses
1209 2303 1471 2376 captivos
1499 2298 1791 2358 detineret
1812 2300 1852 2356 :’
1896 2299 2154 2360 inritam-

225 2397 340 2458 que
361 2380 627 2457 'proedam
669 2378 945 2435 militibus
997 2378 1282 2436 effecerat
1325 2396 1641 2437 consensus
1672 2378 1875 2448 ltaliae,
1904 2378 2152 2455 emptio·

227 2478 359 2518 nem
408 2459 608 2517 talium
655 2455 1073 2531 mancipiorum
1123 2457 1541 2533 adspernantiS.
1628 2456 1834 2518 Occidi
1865 2474 2149 2534 ,coepere‚

226 2540 380 2620 quod
401 2540 501 2598 ubi
530 2535 772 2604 enotuit,
801 2554 834 2593 a
855 2535 1198 2612 propinquis
1220 2537 1614 2615 adfinibusque
1635 2538 1862 2597 occulte
1881 2537 2151 2613 redemp-

224 2623 523 2680 tabantur:
569 2632 705 2674 mox
732 2614 908 2674 rediit
929 2614 1281 2675 Cremonam
1304 2619 1567 2694 reliquus
1584 2618 1835 2695 populus
1863 2639 1878 2674 ε
1924 2617 2150 2693 reposi-

226 2709 282 2759 ta
329 2698 455 2755 fora
495 2695 828 2772 templaque
876 2695 1268 2756 munificentia
1309 2697 1702 2774 municipum:
1747 2705 1809 2756 et
1830 2695 2164 2772 ¹Vespasia-⁴

229 2797 333 2837 nus
360 2775 718 2833 hortabatur.

306 2853 553 2914 XXXV.
597 2854 881 2913 Ceterum
926 2852 1192 2911 adsidere
1235 2854 1478 2931 sepultae
1522 2856 1682 2915 urbis
1731 2853 1933 2925 ruinis,
1980 2851 2155 2911 noxia

225 2939 359 2996 tabo
381 2937 588 2994 humus
612 2935 759 2994 haud
786 2934 884 2992 diu
912 2933 1178 3011 permisit
1201 2956 1213 2990 ε
1262 2933 1330 2992 ad
1351 2934 1587 2992 tertium
1607 2936 1858 3015 lapidem
1880 2949 2153 3012 progres-

287 3173 328 3206 u
367 3155 422 3205 V
415 3158 500 3206 iles
514 3155 579 3204 ad
602 3153 832 3218 praedam.
899 3152 1038 3203 Who
1057 3165 1194 3200 were
1215 3150 1277 3199 os
1300 3166 1365 3198 no
1385 3151 1539 3201 value
1581 3166 1642 3199 on
1680 3154 1894 3199 account
1934 3146 1993 3197 of
2019 3147 2156 3196 their

226 3220 317 3286 age
339 3237 396 3270 or
409 3220 703 3281 imbecility.
772 3219 977 3269 Barbou
1014 3233 1250 3280 supposes
1288 3215 1386 3264 this
1420 3216 1508 3264 the
1544 3214 1675 3264 idea.
1744 3214 1972 3277 Mus-phy
1993 3218 2151 3263 trans·

224 3290 348 3337 lates
370 3287 456 3335 the
477 3290 705 3333 sentence
718 3282 863 3332 thus:
897 3285 1014 3332 who
1029 3285 1131 3332 had
1150 3298 1215 3330 no
1236 3281 1426 3330 wealth
1441 3287 1493 3330 to
1514 3281 1685 3342 satissy
1703 3279 1922 3327 avarice.

290 3369 319 3400 υ
351 3348 593 3412 Mephitis
613 3364 718 3397 was
733 3350 820 3396 the
834 3349 1044 3412 goddess
1079 3346 1402 3411 worshipped
1421 3346 1475 3395 in
1489 3347 1558 3395 all
1578 3346 1745 3409 places
1764 3346 1878 3394 that
1897 3348 2006 3393 sent
2020 3343 2154 3393 forth

224 3417 437 3472 noxious
458 3414 784 3462 exhalations.

285 3500 329 3532 w
361 3480 621 3529 Whoever
636 3479 675 3523 is
690 3477 892 3524 curicus
928 3477 1086 3525 about
1125 3479 1212 3525 the
1255 3476 1559 3527 distinctions
1598 3478 1833 3526 between
1876 3476 2018 3524 what
2059 3475 2150 3522 the

223 3550 444 3599 Romans
463 3542 626 3593 called
651 3540 971 3590 connubium
990 3542 1088 3589 and
1107 3542 1506 3605 Matrimonium,
1543 3542 1672 3591 with
1706 3543 1794 3591 the
1817 3538 2046 3590 different
2065 3540 2149 3584 ce·

222 3614 470 3665 remonies
492 3605 737 3658 observed
751 3606 805 3652 in
821 3606 964 3662 each,
984 3620 1103 3666 may
1119 3607 1314 3655 consult
1335 3607 1575 3659 Brotier's
1594 3607 1823 3666 Tacitus,
1842 3609 2023 3669 quarto
2044 3601 2147 3649 edi·

229 3682 352 3739 tion,
367 3678 467 3731 vol.
490 3674 545 3727 ii.
565 3689 618 3740 p.
635 3671 750 3722 456.
