2459 4075
258 190 371 245 194
810 181 889 246 C.
940 184 1189 245 CORN.
1236 182 1546 247 TAci'rx.
1593 189 1598 202 '
1773 206 1914 249 Ans.
1946 205 2003 249 c-
2036 193 2173 254 82⁸.

249 333 554 391 salutatio:
600 351 789 411 neque
815 332 1131 392 solantibus
1171 333 1610 393 hortantibusve
1627 351 1917 412 responsa
1943 336 2176 410 dabant,

248 412 426 471 abditi
463 432 574 490 per
598 413 849 472 tentoria
894 422 955 473 et
1001 414 1195 472 lucem
1242 416 1424 490 ipsam
1452 414 1739 473 vitantes:
1786 433 1896 474 nec
1924 418 2174 493 perinde

250 492 573 568 periculum
594 501 690 553 aut
712 501 920 564 metm,
943 511 1114 571 quam
1141 492 1333 569 pudor
1347 511 1413 550 ac
1440 493 1718 564 dedecus,
1761 495 2172 572 obstupefece-

248 581 371 631 rat:
415 573 680 633 adtonitis
709 574 881 633 etiam
922 574 1262 642 victoribus,
1292 574 1419 650 quis
1465 591 1676 648 vocem
1702 575 2029 654 precesque
2071 578 2172 636 ad·

250 653 461 712 hibere
501 673 616 712 non
664 655 806 723 ausi,
855 652 1112 710 lacrimis
1157 669 1226 710 ac
1273 652 1506 711 silentio
1552 653 1786 712 veniam
1813 657 2168 731 poscebant-z

244 732 431 792 donec
461 732 710 793 Cerialis
739 734 1026 791 mulceret
1056 731 1300 802 animm,
1330 739 1345 765 ‘
1371 730 1486 791 fato
1515 734 1659 791 acta’
1680 733 1966 806 dictitanS,
1996 744 2012 770 ‘
2037 755 2170 814 quae

141 822 148 830 '
172 841 177 844 Δ
247 822 261 845 ⁸
293 813 537 873 militum
566 814 908 890 Ducumque
936 809 1246 881 discordia,
1287 812 1382 871 vel
1409 809 1613 871 fraude
1642 813 1914 886 hostium,
1937 815 2167 877 evenis·

248 903 262 925 ⁶
293 900 444 952 sent.
549 893 804 952 Primum
853 894 1014 950 illum
1054 891 1472 968 stipendiorum
1522 902 1583 951 et
1621 896 1967 954 sacramenti
2012 895 2170 960 diem

245 982 260 1006 ⁴
292 974 607 1032 haberent:
654 974 917 1050 priorum
938 971 1255 1030 facinorum
1295 981 1494 1049 neque
1518 972 1942 1049 Imperatorem
1968 994 2163 1053 neque

241 1061 255 1086 ⁴
282 1072 346 1111 se
376 1053 724 1113 meminisse.
809 1052 978 1113 Tunc
1006 1052 1234 1129 recepti
1263 1054 1320 1110 in
1348 1052 1555 1111 eadem
1595 1060 1783 1111 castra
1820 1061 1881 1114 et
1907 1055 2160 1115 edictum

242 1134 811 1272 pleldmanipmoe'i‘ltm
840 1131 1671 1271 9⁰535⁰ffittamioejurg³⁰ve
1697 1133 2042 1195 seditionem
2068 1142 2166 1195 aut

240 1231 924 1273 caemcommuiomo
989 1231 1059 1271 ec
1216 1245 1294 1269 .-

320 1293 595 1353 LXXIII.
641 1293 784 1352 Mox
825 1233 1132 1353 Trezeros
1160 1312 1225 1351 ac
1248 1290 1560 1368 Lingones,
1588 1293 2025 1356 adconcionem
2055 1314 2161 1355 vo-

239 1381 423 1445 catos,
448 1374 529 1433 ita
556 1375 902 1451 adloquitur.
985 1381 1002 1408 ⁴
1029 1372 1239 1449 Neque
1281 1391 1389 1448 ego
1430 1391 1684 1452 unquam
1711 1372 2029 1434 facundiam
2057 1394 2160 1434 ex-

233 1458 254 1490 *
283 1456 445 1513 ercui
474 1474 490 1527 ;
534 1461 595 1513 et
623 1453 833 1530 Populi
861 1452 1103 1532 Romani
1129 1453 1409 1510 virtutem
1430 1453 1603 1511 armis
1630 1453 1947 1514 adfirmavi.
2014 1455 2152 1527 Sed,

237 1542 254 1567 ⁸
280 1534 422 1610 quia
443 1534 593 1609 apud
621 1551 726 1592 vos
755 1533 936 1592 verba
952 1529 1216 1608 'plurium
1245 1532 1464 1602 valent,
1486 1534 1752 1610 bonaque
1774 1535 2008 1593 acmala
2039 1553 2158 1594 non

236 1619 253 1647 ‘
283 1631 384 1671 sua
420 1620 644 1682 natura,
691 1610 798 1672 sed
827 1611 1062 1671 vocibus
1089 1611 1516 1682 seditiosorum,
1555 1613 1946 1687 aestimautur3
1988 1614 2156 1674 statui

239 1700 254 1727 ‘
286 1712 470 1771 pauca
515 1692 832 1764 disserere,
881 1711 1032 1772 quae,
1077 1690 1383 1770 profligato
1428 1692 1612 1763 bello,
1640 1693 1836 1752 utilius
1878 1696 1953 1753 sit
1988 1694 2156 1754 vobis

237 1782 251 1806 ‘
284 1773 535 1844 audisse,
577 1783 746 1849 quam
772 1773 939 1832 nobis
979 1772 1214 1831 dixisse.
1302 1770 1558 1831 Terram
1603 1781 1878 1844 vestram,
1925 1783 2155 1834 cetere·

237 1860 254 1888 ⁴
288 1873 530 1931 rumque
570 1854 898 1924 Gallorum,
941 1851 1182 1929 ingressi
1233 1858 1363 1909 sunt
1406 1850 1601 1911 Duces
1648 1853 2157 1932 Imperatoresque

236 1941 251 1968 ⁸
284 1933 554 2004 Romani,
599 1935 758 1992 nulla
784 1932 1083 2011 cupidine,
1113 1932 1219 1991 sed
1246 1930 1562 2006 majoribus
1588 1935 1800 1992 vestris
1840 1933 2155 1994 invocanti·

232 2020 250 2049 ‘
281 2015 410 2084 buS,
440 2033 583 2093 quos
610 2014 914 2074 discordie
939 2031 1123 2089 usque
1150 2011 1220 2070 ad
1248 2010 1486 2071 exitium
1513 2009 1851 2088 fatigabant:
1896 2021 1958 2074 et
1981 2012 2149 2074 acciti

235 2102 251 2130 ‘
283 2095 499 2155 auxilio
524 2095 801 2154 Germani
828 2094 1002 2154 sociis
1049 2093 1274 2170 pariter
1308 2099 1483 2170 atque
1522 2093 1783 2152 hostibus
1810 2094 2152 2153 servitutem

235 2183 251 2210 ‘
283 2177 678 2253 inposuerant.
762 2175 921 2246 Quot
957 2173 1183 2252 proeliis
1214 2172 1494 2231 adversus
1527 2172 1799 2233 Cimbros
1821 2173 2152 2232 Teutonos-

233 2261 251 2291 ‘
279 2275 413 2332 que,
452 2253 546 2335 (k)
576 2255 799 2334 quantis
830 2255 1195 2314 exercituum
1242 2259 1571 2312 nostrorum
1617 2252 1936 2325 laboribus,
1961 2272 2154 2332 quove

231 2344 247 2371 ‘
280 2344 496 2397 eventu
523 2336 873 2396 Germanica
893 2336 1048 2393 bella
1070 2332 1536 2402 tractaverimus,
1555 2333 1691 2390 satis
1718 2334 1959 2393 clarum.
2021 2332 2075 2390 N
2081 2348 2150 2393 ec

233 2417 417 2475 ‘ideo
464 2415 734 2475 Rhenum
785 2414 1118 2483 insedimus,
1165 2420 1227 2471 ut
1279 2412 1500 2471 Italiam
1542 2418 1873 2486 tueremur3
1916 2413 2021 2471 sed
2053 2431 2152 2472 aie

229 2506 248 2532 ⁴
279 2497 407 2574 quis
470 2496 611 2555 alius
663 2495 988 2554 Ariovistus
1071 2492 1126 2572 i)
1186 2491 1389 2568 Regno
1444 2491 1774 2553 Galliarum
1843 2493 2152 2569 potiretur.

231 2587 246 2613 ⁸
277 2580 365 2635 An
397 2595 503 2636 vos
542 2576 801 2639 cariores
844 2574 1022 2633 Civili
1105 2573 1404 2649 atavisque
1430 2580 1492 2629 et
1518 2571 1985 2640 Transrhenanis
2007 2591 2148 2648 geu·

228 2666 247 2692 ⁴
274 2658 428 2715 tibus
451 2641 710 2726 creditis]
734 2675 903 2734 quam
932 2653 1246 2731 majoribus
1272 2668 1476 2710 eorum
1503 2659 1700 2728 patres
1725 2653 1936 2727 avique
1963 2652 2148 2711 vestri

228 2744 244 2770 ‘
274 2735 557 2793 fuerunt?
636 2735 856 2792 Eadem
881 2752 1120 2811 semper
1133 2751 1333 2790 caussa
1351 2732 1655 2791 Germanis
1697 2731 2142 2791 transcendendi

228 2824 247 2853 ⁶
277 2816 337 2874 in
363 2812 809 2883 Gallias,’libi‹]0
847 2820 1020 2888 atque
1063 2811 1308 2870 avaritia
1341 2819 1402 2870 et
1458 2811 1735 2870 mutandas
1774 2811 1929 2869 sedis
1963 2828 2150 2883 amor,

228 2906 252 2940 1
277 2903 356 2965 ut,
388 2893 610 2953 relictis
638 2891 962 2970 paludibus,
985 2899 1047 2949 et
1072 2890 1475 2950 solitudinibus
1514 2893 1652 2962 suis,
1681 2889 2148 2950 fecundissimum

228 2986 244 3013 ‘
275 2970 390 3036 hoc
439 2975 629 3033 solum
674 2990 897 3051 vosque
925 2971 1082 3048 ipsos
1112 2970 1498 3047 possiderent.
1582 2970 1864 3030 Ceterum
1904 2971 2146 3030 libertas

226 3067 243 3094 ⁸
276 3067 336 3117 et
361 3055 633 3134 speciosa
659 3055 890 3113 nomina
937 3058 1380 3130 proetexuntur:
1425 3069 1535 3109 nec
1575 3052 1876 3127 quisquam
1893 3052 2148 3110 alienum

228 3146 245 3172 ⁸
275 3137 576 3195 servitium
595 3142 657 3195 et
683 3133 1131 3192 dominationem
1175 3130 1286 3190 sibi
1328 3130 1685 3207 concupivit,
1714 3138 1788 3191 ut·
1802 3147 1917 3189 non
1939 3131 2150 3191 eadem

226 3225 245 3252 ⁶
275 3219 380 3274 ista
398 3215 691 3274 ‘vocabula
712 3220 1042 3291 usurparet.
1278 3216 1300 3259 -’
1479 3247 1486 3254 -

304 3292 575 3359 LXXIV.
625 3301 642 3330 ⁴
668 3294 873 3371 Regna
923 3293 1197 3371 bellaque
1242 3308 1356 3369 per
1402 3288 1623 3348 Gallias
1668 3308 1908 3367 semper
1951 3286 2150 3359 suere,

289 3531 328 3582 Ιι
360 3530 455 3580 See
476 3526 702 3576 Velleius
712 3526 1166 3586 Paoemulmmook
1179 3526 1233 3575 ii.
1255 3542 1290 3574 s.
1314 3529 1346 3577 8
1366 3524 1464 3575 mu
1483 3527 1576 3582 122
1607 3521 1847 3574 Plutarch
1868 3525 1931 3573 in
1950 3512 2143 3572 Mario.

227 3597 327 3649 and
346 3593 566 3644 Mallet's
586 3591 921 3642 Introduction
941 3597 995 3640 to
1014 3592 1101 3639 the
1121 3590 1260 3641 Hist.
1280 3590 1340 3641 d
1352 3591 1629 3648 Denmark,
1649 3591 1754 3639 vol.
1768 3589 1806 3637 i.
1823 3603 1877 3650 p.
1904 3586 1979 3636 13.
2084 3647 2096 3659 ⁸

293 3668 316 3713 ι·
345 3662 448 3711 For
467 3660 770 3716 Arioniam,
791 3658 878 3705 the
892 3656 1116 3705 German
1133 3656 1284 3715 chief,
1304 3657 1421 3705 who
1455 3655 1652 3719 pushed
1672 3656 1752 3705 his
1784 3655 2052 3713 conquesto
2080 3662 2140 3696 m

231 3726 386 3789 Gaul,
399 3740 480 3778 soe
501 3725 674 3782 caem
689 3721 774 3780 De
795 3722 927 3774 Bell.
943 3721 1083 3773 Gau.
1104 3721 1220 3789 ub.
1240 3722 1280 3774 i.
1301 3736 1341 3771 ι.
1356 3724 1443 3783 81.-
