2459 4075
270 166 541 265 s.c.⁴6s.
733 166 1260 238 HISTOR.,1.113.
1305 170 1725 234 TERT1U5.·
1790 239 1795 242 ,
1882 162 1955 210 ·'
2080 182 2193 237 14⁷
2279 227 2285 240 .

278 335 616 395 quamquam
640 336 884 388 numero
924 316 1159 395 fatoque
1204 318 1493 397 dispares,
1519 319 1844 397 iuquietare
1870 321 2198 408 victoriam,

271 398 487 460 morari
497 418 725 476 pacem,
737 398 942 459 domos
963 418 1212 476 arasque
1230 417 1447 461 cruore
1465 398 1711 471 foedare,
1731 419 2009 479 suprema
2026 400 2197 463 victis

268 478 470 538 solatia
483 480 1003 557 amplectebantur.
1051 479 1279 550 „Multi
1299 479 1690 551 semianimes,
1716 500 1898 559 super
1917 488 2109 541 turres
2136 490 2199 543 st

272 561 704 638 propugnacula
723 559 999 621 moenium
1025 561 1434 639 exspiravere.
1508 559 1833 628 ,convulsis
1861 561 2073 640 portis,
2103 580 2200 622 re·

269 639 464 718 liquus
476 640 680 716 globus
706 640 918 700 obtulit
942 659 1007 701 se
1025 641 1388 714 uictoribus:
1433 648 1495 702 et
1520 641 1796 701 cecidere
1825 660 2028 702 omnes
2055 660 2196 702 con-

267 720 459 780 trariis
485 720 855 791 vulneribus,
875 720 1036 780 versi
1060 721 1120 781 in
1155 720 1423 794 hostem:
1470 740 1544 782 ea
1566 740 1711 783 cura
1737 722 1912 783 etiam
1938 721 2195 786 morien·

270 799 427 860 tibus
452 800 658 861 decori
684 800 874 862 exitm
893 799 1020 860 fuit.

348 879 654 941 LXXXV.
703 879 996 951 Vitellius,
1021 888 1193 957 capta
1217 882 1387 953 urbe,
1414 899 1529 959 per
1552 901 1815 944 aversam
1842 881 2039 959 palatii
2065 899 2200 959 par-

268 961 411 1032 tem,
440 960 814 1033 Aventinum,
834 961 895 1020 in
921 961 1156 1021 domum
1188 962 1415 1031 uxoris,
1454 962 1664 1022 sellula
1686 961 1991 1022 defertur:
2038 966 2123 1033 ut,
2144 962 2196 1022 si

271 1041 431 1102 diem
455 1040 678 1101 latebra
697 1042 1016 1113 vitavisset,
1041 1041 1422 1108 Tarracinam
1448 1040 1520 1099 ad
1545 1042 1820 1102 cohortes
1839 1039 2198 1119 fratremque

271 1119 654 1197 perfugeret-
720 1120 875 1182 Dein
893 1121 1215 1182 mobilitate
1236 1118 1476 1197 ingenii,
1504 1127 1567 1180 et
1592 1141 1721 1199 quae
1743 1128 1948 1180 natura
1963 1122 2201 1198 pavoris

272 1206 385 1270 est,
407 1218 542 1260 cum
571 1198 766 1274 omnia
794 1201 1076 1261 metuenti
1097 1200 1415 1278 praesentia
1434 1199 1687 1260 maxime
1711 1200 1799 1258 dis
1843 1199 2111 1272 licerent,
2138 1202 2200 1262 in

268 1280 543 1373 palatium
577 1279 929 1355 regreditur,
973 1287 1201 1340 vastum
1240 1280 1657 1358 desertumque
1682 1302 1698 1339 ε
1741 1280 1799 1338 di
1857 1278 1978 1356 psis
2025 1281 2200 1341 etiam

269 1358 486 1420 infimis
498 1359 897 1433 servitiorum,
918 1368 1013 1421 aut
1031 1377 1341 1421 occursum
1368 1360 1500 1438 ejus
1519 1360 1962 1419 declinantibus.
2045 1359 2200 1420 Ter-

271 1446 366 1498 ret
389 1438 640 1507 solitudo
667 1446 730 1499 et
749 1448 1006 1511 tacentes
1032 1439 1184 1500 loci:
1229 1447 1415 1501 tentat
1434 1441 1669 1500 clausa:
1713 1439 2067 1501 inhorrescit
2096 1459 2193 1502 va-

174 1550 179 1554 ·
266 1518 430 1592 cuis;
473 1519 779 1597 fessusque
818 1521 1033 1582 misero
1060 1539 1294 1592 errore,
1336 1528 1398 1579 et
1423 1519 1691 1599 pudenda
1716 1521 1943 1582 latebra
1971 1518 2066 1601 (v)
2099 1539 2195 1582 se-

267 1605 388 1658 met
406 1600 726 1671 occultans,
758 1602 829 1662 ab
853 1600 889 1658 J
895 1602 1022 1670 ulio,
1051 1600 1310 1672 Placido,
1341 1599 1615 1660 Tribuno
1647 1599 1931 1673 cohortis,
1957 1607 2187 1678 protra-

267 1677 444 1739 hitur.
529 1678 760 1758 Vinctae
795 1699 950 1759 pone
969 1689 1199 1758 tergum
1227 1700 1465 1741 maius:
1509 1680 1718 1740 laniata
1749 1687 1941 1751 veste,
1978 1679 2195 1742 foedum

264 1760 680 1835 spectaculum,
715 1760 1057 1831 ducebatur,
1095 1760 1292 1821 multis
1316 1761 1774 1838 increpantibus,
1811 1760 1976 1821 nullo
2012 1762 2188 1821 inlac-

266 1837 542 1899 rimante:
584 1839 921 1910 deformitas
944 1841 1133 1901 exitus
1160 1840 1622 1901 misericordiam
1649 1841 1983 1900 abstulerat.
2065 1840 2190 1900 Ob·

266 1919 394 1979 vius
414 1938 450 1979 e
477 1919 843 1981 Germanicis
865 1921 1137 1982 militibus
1155 1919 1457 1982 Vitellium
1482 1919 1694 1980 infesto
1714 1920 1855 1992 ictu,
1884 1938 1997 1999 per
2014 1917 2195 1994 itaut,

263 2000 357 2059 vel
387 2017 504 2078 quo
531 1999 809 2061 maturius
827 2001 1094 2062 ludibriis
1115 2002 1426 2073 eximeret,
1459 2019 1531 2060 au
1552 1999 1885 2060 Tribunum
1921 2001 2186 2078 appetie-

261 2080 360 2151 rit,
387 2080 449 2140 in
473 2082 702 2139 incerto
718 2079 854 2141 finit:
900 2097 1103 2140 aurem
1131 2080 1384 2140 Tribuni
1411 2080 1724 2157 amputavit
1748 2099 1816 2138 ac
1835 2080 2027 2139 statim
2046 2099 2187 2139 con·

197 2160 202 2164 ’
259 2158 446 2220 fossus
472 2168 584 2221 est.
646 2160 974 2230 Vitellium,
1019 2157 1255 2219 infestis‘
1273 2159 1646 2218 mucronibus
1689 2164 1975 2229 coactum,
2014 2159 2190 2219 modo

260 2242 497 2317 erigere
522 2256 586 2299 os
608 2246 669 2299 et
680 2239 900 2300 offerre
922 2240 1312 2309 contumeliis,
1334 2256 1484 2298 nuuc
1501 2237 1777 2297 cadentes
1797 2244 2182 2311 statuassuas,

260 2320 607 2398 plerumque
637 2319 871 2392 Rostra,
903 2327 999 2380 aut
1022 2319 1231 2379 Galbae
1261 2318 1439 2378 occisi
1476 2319 1674 2377 locum
1698 2317 2006 2394 contueri;
2048 2336 2186 2398 pos·

257 2407 447 2461 tremo
474 2400 544 2458 ad
568 2400 906 2471 Gemonias,
939 2398 1046 2481 (w)
1084 2401 1184 2460 ubi
1218 2418 1435 2477 corpus
1463 2397 1651 2458 Flavii
1684 2397 1879 2457 Sabini
1895 2396 2187 2476 jacuerat,

257 2481 601 2559 propulere.
658 2481 794 2542 Vox
814 2478 1060 2541 unanon
1079 2481 1390 2558 degeneris
1417 2477 1589 2547 animi
1609 2485 1880 2555 excepta,
1897 2481 2031 2557 cum
2044 2479 2191 2540 Tri-

252 2561 409 2622 buuo
427 2561 741 2634 insultanti,
771 2570 788 2596 ‘
812 2581 877 2621 se
898 2569 1088 2621 tamen
1106 2561 1529 2638 Imperatorem
1547 2559 1673 2636 ejus
1693 2557 1919 2628 fuisse‚'
1942 2577 2188 2639 respon·

256 2641 360 2701 dit.
442 2642 530 2702 Ac
547 2642 755 2702 deinde
781 2641 1019 2720 ingestis
1046 2641 1388 2701 vulneribus
1400 2639 1672 2699 concidit.
1702 2637 1800 2719 (x)
1884 2639 1960 2698 Et
1979 2641 2189 2718 vulgus

256 2721 460 2781 eadem
505 2722 792 2801 pravitate
833 2721 1223 2782 insectabatur
1272 2718 1660 2791 intersectum,
1691 2739 1804 2798 qua
1829 2718 2057 2780 foverat
2097 2721 2186 2784 vi·

257 2809 513 2862 ventem.

331 2879 661 2943 LXXXVI.
707 2882 903 2942 Patria
944 2882 1030 2942 illi
1056 2883 1343 2943 Luceria:
1388 2882 1701 2957 septimum
1737 2886 1799 2939 et
1824 2881 2180 2958 quinquage-

252 2960 460 3020 simum
507 2962 687 3022 aetatis
736 2962 946 3027 annum
990 2964 1286 3040 explebat.
1371 2959 1770 3030 Consulatum,
1818 2959 2179 3032 sacerdotia,

251 3060 465 3103 nomeu
492 3041 803 3122 locumque
840 3044 997 3103 inter
1037 3043 1352 3121 primores,
1391 3039 1550 3100 nulla
1587 3058 1691 3098 sua
1732 3038 2037 3109 industria,
2076 3039 2184 3099 sed

291 3204 344 3288 ⁸u
374 3238 624 3288 Pudenda
655 3237 862 3288 latebra.
924 3235 1192 3288 Suetonius
1212 3249 1324 3298 says
1338 3233 1436 3284 this
1452 3247 1557 3282 was
1576 3233 1666 3287 the
1685 3232 1895 3297 portet-’s
1909 3234 2088 3299 lodge:
2121 3233 2175 3286 in

121 3280 132 3299 “
251 3302 405 3354 vitel.
421 3320 461 3353 s.
482 3305 541 3353 ιθ
560 3304 661 3352 and
688 3304 769 3354 17.

315 3386 361 3420 ιο
396 3369 663 3426 Gemonias,
679 3385 711 3418 a
725 3370 868 3433 place
881 3373 935 3417 at
957 3368 1121 3420 Rome
1140 3368 1316 3418 where
1349 3365 1436 3415 the
1450 3364 1626 3416 bodies
1646 3365 1705 3415 of
1737 3365 1986 3421 executed
2004 3357 2172 3417 crimi—

247 3435 355 3486 nals
375 3447 513 3484 were
534 3435 749 3486 thrown.

269 3514 272 3517 ·
311 3518 349 3555 :c
383 3499 488 3552 Dio
528 3500 711 3549 relates
760 3499 862 3549 this
916 3500 1135 3551 incident
1174 3497 1471 3562 differently.
1560 3497 1840 3563 According
1885 3503 1938 3548 to
1980 3497 2107 3557 him,
2142 3512 2175 3545 a

248 3567 477 3617 German
513 3565 696 3615 soldier
736 3564 859 3624 said,
896 3566 918 3616 1
957 3566 1065 3615 will
1101 3564 1217 3631 give
1260 3580 1363 3628 you
1404 3566 1492 3614 the
1533 3563 1645 3612 best
1686 3565 1945 3613 assistance
2001 3562 2054 3609 in
2084 3574 2136 3609 m

245 3648 437 3697 power,
477 3633 576 3682 and
617 3632 898 3698 thereupon
947 3632 1158 3683 stabbed
1199 3630 1437 3682 Vitellius
1480 3629 1580 3681 and
1617 3629 1921 3694 despatched
1957 3625 2114 3677 himse
2158 3638 2168 3670 2

247 3700 366 3758 Dio,
376 3700 514 3751 book
534 3700 618 3750 65².
