2459 4075
8 0 27 334 l

7 347 12 464 ἒ

2 575 12 838 l

2 851 74 1048 l.

349 153 404 193 s.
435 154 491 194 o.
520 136 619 194 69.
844 137 1172 198 HISTOR.
1217 137 1370 197 LIB.
1416 127 1798 199 TERTIUS.
2170 142 2274 197 121

350 282 424 355 si,
452 303 624 360 vagos
644 291 1043 363 paventesque
1065 283 1434 353 Vitellianos,
1461 304 1563 343 sua
1601 302 1891 361 quemque
1921 281 2071 361 apud
2095 284 2277 362 signa,

349 372 720 441 componunt.
765 364 841 423 Et
860 368 1033 424 victae
1052 364 1335 440 legioneS,
1357 382 1455 433 ne,
1474 370 1742 422 manente
1764 363 1951 422 adhuc
1974 362 2134 422 civili
2152 360 2279 421 bel·

349 445 432 514 lo,
459 445 723 519 ambigue
763 452 1025 519 agerent,
1069 462 1182 521 per
1224 442 1524 519 Illyricum
1552 442 1858 518 dispersae.
1944 444 2011 500 In
2049 440 2279 510 Britan·

235 539 244 546 “
311 535 318 542 ”
412 522 663 583 aminde
692 530 756 581 et
785 524 1089 600 Hispanias
1117 522 1344 582 nuntios
1381 519 1726 598 famamque,
1765 522 1824 580 in
1857 521 2103 580 Galliam
2129 520 2163 575 J
2172 519 2278 580 uli-

189 538 450 778 βαι
492 602 800 671 Calenum,
849 602 1209 662 Tribunum:
1257 600 1314 659 in
1363 600 1738 659 Germaniam
1779 601 2057 678 Alpinum
2103 598 2275 658 Mon·

347 690 567 751 tanum,
621 679 971 740 Praefectum
1024 681 1306 749 cohortis,
1361 679 1517 757 quod
1560 680 1658 739 hic
1721 679 1968 750 Trevir,
2022 679 2278 739 Calenus

347 763 597 830 AEduus,
626 769 874 838 uterque
903 760 1204 819 Vitelliani
1231 757 1478 830 fuerant,
1502 759 1751 818 ostentui
1772 760 2010 819 misere.
2097 759 2278 817 Simul

346 842 621 902 transitus
668 841 901 917 Alpium
943 839 1233 917 praesidiis
1275 838 1582 915 occupati:
1626 846 1900 916 suspecta
1940 839 2278 911 Germania,

345 930 632 996 tamquam
658 920 718 978 in
745 919 1020 981 auxilium
1047 917 1276 977 Vitellii
1304 916 1729 993 accingeretur.

428 999 709 1058 XXXVI.
756 1000 839 1057 At
864 997 1162 1067 Vitellius,
1209 993 1480 1073 profecto
1528 995 1787 1068 Caecina,
1853 1018 1986 1058 cum
2031 997 2279 1057 Fabium

347 1080 681 1148 Valentem,
722 1077 919 1154 paucis
940 1084 1073 1155 post
1090 1077 1322 1145 diebuS,
1350 1075 1423 1134 ad
1459 1076 1684 1135 bellum
1726 1078 2075 1153 impulisset,
2116 1079 2278 1137 curis

344 1160 543 1217 luxum
570 1154 956 1216 obtendebat:
1003 1174 1118 1215 non
1144 1173 1359 1233 parare
1399 1173 1579 1228 arma,
1606 1174 1722 1226 non
1750 1156 2018 1234 adloquio
2046 1159 2280 1232 exerci-

344 1239 545 1315 tioque
573 1236 816 1295 militem
855 1234 1115 1306 firmare,
1164 1254 1279 1294 non
1319 1235 1378 1293 in
1407 1252 1514 1293 ore
1541 1234 1700 1310 vulgi
1748 1251 1960 1311 agere:
2006 1236 2113 1296 sed
2152 1257 2277 1297 um·

342 1316 599 1394 braculis
640 1316 944 1375 hortorum
992 1315 1237 1385 abditus,
1289 1321 1356 1373 ut
1399 1313 1603 1392 ignava
1649 1314 1934 1386 animalia,
1977 1316 2180 1393 quibus
2227 1317 2277 1375 si

342 1397 537 1456 cibum
588 1413 882 1471 suggeras,
921 1395 1124 1472 jacent
1174 1400 1550 1472 torpentque,
1593 1395 1916 1470 praeterita,
1984 1395 2275 1468 instantia,

339 1475 552 1545 futura,
588 1473 719 1552 pari
746 1473 1044 1534 oblivione
1084 1474 1401 1533 dimiserat.
1485 1474 1677 1550 Atque
1720 1474 1906 1545 illum,
1935 1475 1993 1534 in
2030 1494 2275 1536 nemore
2332 1535 2337 1542 ,
2382 1525 2391 1536 ,

339 1554 579 1615 Aricino
604 1553 705 1636 (x)
738 1553 999 1612 desidem
1027 1560 1089 1612 et
1129 1560 1510 1624 marcentem,
1553 1554 1807 1631 proditio
1835 1554 2044 1614 Lucilii
2082 1554 2307 1628 Bassi,”

335 1656 406 1695 ac
447 1634 704 1694 defectio
749 1634 949 1692 classis
991 1633 1342 1692 Ravennatis
1384 1631 1659 1711 perculit.
1740 1631 1872 1694 Nec
1914 1636 2098 1694 multo
2141 1645 2275 1713 post
2314 1637 2325 1644 ’

333 1715 414 1775 de
450 1713 689 1774 Caecina
714 1712 973 1773 adfertur
998 1713 1210 1774 mixtus
1257 1713 1466 1790 gaudio
1493 1712 1701 1772 dolor:
1746 1722 1809 1774 et
1834 1713 2178 1786 descivisse,
2208 1725 2270 1776 et

332 1797 410 1855 ab
438 1795 705 1854 exercitu
731 1793 986 1852 vinctum
1013 1816 1028 1852 ε
1073 1795 1202 1870 plus
1224 1792 1375 1870 apud
1421 1793 1732 1852 socordem
1766 1794 2016 1854 animum
2043 1795 2264 1868 laetitia,

331 1894 505 1953 quam
532 1893 674 1933 cura
699 1872 915 1933 valuit:
960 1874 1139 1932 multa
1164 1892 1297 1932 cum
1335 1872 1720 1933 exsultatione
1742 1873 1803 1932 in
1829 1875 2034 1941 urbem
2056 1895 2265 1948 revec-

328 1964 447 2025 tus,
465 1953 760 2029 frequenti
783 1951 1088 2023 concione,
1111 1960 1128 1986 ‘
1158 1953 1437 2030 pietatem
1462 1952 1726 2011 militum’
1756 1955 2015 2014 laudibus
2062 1975 2260 2015 cumu-

329 2037 431 2095 lat.
521 2042 537 2068 ‘
564 2033 631 2091 P.
676 2032 970 2101 Sabinum,
1019 2032 1291 2092 Praetorii
1364 2031 1740 2103 Praefectum,
1807 2036 1883 2093 ob
1957 2034 2265 2097 amicitiam

330 2124 349 2151 ‘
381 2115 666 2182 Caecinae,
693 2111 922 2171 vinciri'
942 2110 1138 2187 jubet,
1175 2114 1480 2171 substituto
1507 2113 1567 2170 in
1598 2112 1792 2172 locum
1826 2113 1955 2190 ejus
1989 2114 2262 2192 Alpheno

331 2195 519 2254 Varo.
681 2237 685 2242 .
1454 2225 1460 2231 ·

411 2271 728 2354 XXXVII.
773 2269 919 2330 Mox
964 2271 1260 2341 Senatum,
1308 2273 1631 2350 composita
1668 2273 1731 2330 in
1777 2274 2260 2349 magnificentiam

323 2354 614 2422 oratione,
654 2352 971 2422 adlocutus,
1015 2351 1316 2428 exquisitis
1359 2350 1596 2412 Patrum
1640 2353 2057 2414 adulationibus
2086 2358 2268 2418 adtol-

324 2433 485 2492 litur.
575 2431 807 2491 Initium
833 2431 1046 2491 atrocis
1073 2432 1131 2507 in
1172 2431 1802 2503 Caecinamsententiae
1847 2453 1880 2492 a
1915 2434 1982 2492 L.
2017 2435 2262 2497 Vitellio

324 2511 577 2572 iactum:
622 2513 761 2571 dein
787 2511 996 2581 c‘eteri,
1025 2511 1347 2588 composita
1371 2512 1780 2588 indignatione,
1811 2520 1827 2547 ‘
1859 2516 2011 2591 quod
2040 2514 2261 2577 Consul

326 2600 342 2627 ‘
376 2591 845 2670 Rempublicam,
871 2590 1008 2650 Dux
1035 2592 1481 2668 Imperatorem,
1510 2593 1678 2652 tantis
1700 2593 1932 2669 opibus,
1959 2602 2043 2653 tot
2075 2596 2262 2655 hono-

325 2679 341 2703 ⁴
373 2672 533 2730 ribus
561 2672 899 2741 cumulatus,
927 2671 1170 2730 amicum
1216 2672 1612 2748 prodidisset,’
1658 2674 1823 2732 velut
1866 2694 1978 2752 pro
2012 2675 2257 2739 Vitellio

324 2758 779 2827 conquerentes,
800 2751 1256 2831 suumgdolorem
1277 2750 1679 2827 proferebant.
1764 2751 1939 2813 Nulla
1962 2757 2018 2813 in
2037 2758 2253 2817 oratio·

325 2846 403 2885 ne
443 2830 777 2905 cujusquam
821 2849 963 2906 erga
1008 2830 1316 2897 Flavianos
1366 2832 1561 2891 Duces
1606 2834 1984 2893 obtrectatio:
2048 2843 2064 2871 ‘
2086 2855 2252 2895 erro·

326 2913 344 2938 ⁶
369 2924 494 2965 rem
542 2908 1107 2988 imprudentiamque
1134 2912 1522 2970 exercituum'
1561 2910 1885 2989 culpantes,
1908 2913 2253 2991 Vespasiani

322 3004 535 3046 nomen
556 2991 831 3066 ’suspensi
863 2998 923 3050 et
944 2990 1236 3049 vitabundi
1272 2990 1658 3050 circumibant
1761 2991 1894 3051 Nec
1921 2992 2122 3065 defuit,
2152 2998 2253 3073 qui

199 3132 209 3139 .
318 3083 495 3124 unum
531 3067 877 3130 Consulatus
913 3071 1068 3128 diem
1091 3068 1187 3148 ,(is
1216 3069 1372 3127 enim
1399 3071 1679 3128 inlocum
1710 3069 1967 3130 Caecinae
2003 3092 2248 3151 supere-

318 3142 437 3222 rat)
462 3165 665 3224 magno
692 3168 823 3208 cum
851 3149 1031 3209 inrisu
1068 3148 1888 3227 tribuentisaccipientisque.
1918 3152 2273 3215 eblandire·'

252 3268 261 3276 .
317 3231 450 3283 tur:
495 3227 687 3304 pridie
715 3229 852 3287 Kal.
878 3224 1234 3288 Nouembris
1254 3224 1461 3287 Rosius
1491 3228 1750 3305 Regulus
1783 3230 1932 3302 iniit,
1973 3233 2246 3309 ejuravit-

317 3322 455 3381 que.
559 3308 929 3368 Adnotabant
973 3307 1172 3386 periti,
1223 3315 1241 3342 ‘
1273 3328 1560 3387 nunquam
1591 3308 1782 3382 antea,
1831 3330 1948 3372 non
1975 3314 2248 3392 abrogato

335 3492 341 3498 ’
377 3514 416 3549 ,τ
449 3499 653 3558 Aricia,
673 3516 705 3549 a
724 3507 860 3551 town
893 3502 952 3552 of
974 3503 1183 3555 Latium
1202 3505 1256 3555 in
1270 3505 1419 3569 Italy,
1439 3511 1494 3556 at
1513 3505 1599 3556 the
1622 3505 1725 3557 foot
1744 3504 1804 3556 os
1813 3506 1963 3558 Mons
1990 3507 2237 3563 Albanus,

308 3562 470 3614 about
503 3581 538 3614 a
572 3566 802 3617 hundred
833 3570 931 3618 and
970 3570 1106 3635 sixty
1125 3573 1285 3623 stadia
1316 3573 1447 3627 from
1483 3573 1664 3628 Rome.
1731 3573 1847 3626 The
1887 3586 2043 3641 grove
2077 3569 2240 3626 called

314 3629 588 3684 Aricinum
609 3649 779 3686 mmm
800 3650 905 3686 was
931 3635 984 3686 in
1004 3638 1094 3689 the
1116 3638 1343 3768 νίοἰιῐιὲῐζ

885 3934 932 3989 ἱ
