<?xml version="1.0" encoding="UTF-8"?>
<!DOCTYPE html PUBLIC "-//W3C//DTD XHTML 1.0 Transitional//EN"
    "http://www.w3.org/TR/xhtml1/DTD/xhtml1-transitional.dtd">
<html xmlns="http://www.w3.org/1999/xhtml" xml:lang="en" lang="en">
 <head>
  <title>
</title>
<meta http-equiv="Content-Type" content="text/html;charset=utf-8" />
  <meta name='ocr-system' content='tesseract 3.04.00' />
  <meta name='ocr-capabilities' content='ocr_page ocr_carea ocr_par ocr_line ocrx_word'/>
</head>
<body>
  <div class='ocr_page' id='page_1' title='image "./fivebookshistor00willgoog_0121.png"; bbox 0 0 2459 4075; ppageno 0'>
   <div class='ocr_carea' id='block_1_1' title="bbox 18 213 28 398">
    <p class='ocr_par' dir='ltr' id='par_1_1' title="bbox 18 125 28 456">
     <span class='ocr_line' id='line_1_1' title="bbox 18 213 28 398; baseline 0 50"><span class='ocrx_word' id='word_1_1' title='bbox 18 213 28 398; x_wconf 67' lang='lat'><strong><em>³</em></strong></span> 
     </span>
    </p>
   </div>
   <div class='ocr_carea' id='block_1_2' title="bbox 233 131 2223 236">
    <p class='ocr_par' dir='ltr' id='par_1_2' title="bbox 233 131 2223 236">
     <span class='ocr_line' id='line_1_2' title="bbox 233 131 2223 236; baseline 0.003 -18"><span class='ocrx_word' id='word_1_2' title='bbox 233 131 320 220; x_wconf 65' lang='lat'><strong>³³:</strong></span> <span class='ocrx_word' id='word_1_3' title='bbox 354 179 411 220; x_wconf 81' lang='lat' dir='ltr'><strong>c.</strong></span> <span class='ocrx_word' id='word_1_4' title='bbox 445 163 544 220; x_wconf 74' lang='grc'><strong>69.</strong></span> <span class='ocrx_word' id='word_1_5' title='bbox 765 155 1096 224; x_wconf 76' lang='lat' dir='ltr'><strong>fflsroa,</strong></span> <span class='ocrx_word' id='word_1_6' title='bbox 1143 158 1297 217; x_wconf 79' lang='lat' dir='ltr'><strong>Lm.</strong></span> <span class='ocrx_word' id='word_1_7' title='bbox 1344 155 1726 217; x_wconf 68' lang='lat' dir='ltr'><strong>Tannus.</strong></span> <span class='ocrx_word' id='word_1_8' title='bbox 1978 228 1987 236; x_wconf 48' lang='grc'>,</span> <span class='ocrx_word' id='word_1_9' title='bbox 2111 160 2223 230; x_wconf 71' lang='lat'><strong>109.</strong></span> 
     </span>
    </p>
   </div>
   <div class='ocr_carea' id='block_1_3' title="bbox 243 304 2255 623">
    <p class='ocr_par' dir='ltr' id='par_1_3' title="bbox 243 304 2255 623">
     <span class='ocr_line' id='line_1_3' title="bbox 247 304 2195 386; baseline 0.001 -21"><span class='ocrx_word' id='word_1_10' title='bbox 247 314 321 366; x_wconf 84' lang='lat' dir='ltr'><strong>et</strong></span> <span class='ocrx_word' id='word_1_11' title='bbox 340 306 573 384; x_wconf 82' lang='lat' dir='ltr'>probris</span> <span class='ocrx_word' id='word_1_12' title='bbox 600 306 669 365; x_wconf 87' lang='lat' dir='ltr'><strong>ad</strong></span> <span class='ocrx_word' id='word_1_13' title='bbox 708 307 829 367; x_wconf 88' lang='lat' dir='ltr'><strong>tela</strong></span> <span class='ocrx_word' id='word_1_14' title='bbox 854 315 915 367; x_wconf 93' lang='lat' dir='ltr'><strong>et</strong></span> <span class='ocrx_word' id='word_1_15' title='bbox 941 326 1141 367; x_wconf 82' lang='lat' dir='ltr'><strong>manus</strong></span> <span class='ocrx_word' id='word_1_16' title='bbox 1178 306 1517 386; x_wconf 77' lang='lat' dir='ltr'><strong>transibant,</strong></span> <span class='ocrx_word' id='word_1_17' title='bbox 1548 313 1564 341; x_wconf 91' lang='lat'>‘</span> <span class='ocrx_word' id='word_1_18' title='bbox 1596 304 1756 384; x_wconf 88' lang='lat' dir='ltr'><strong>injici</strong></span> <span class='ocrx_word' id='word_1_19' title='bbox 1782 305 2195 367; x_wconf 80' lang='lat' dir='ltr'><strong>catenas’‘Fla-</strong></span> 
     </span>
     <span class='ocr_line' id='line_1_4' title="bbox 243 385 2198 466; baseline 0.001 -20"><span class='ocrx_word' id='word_1_20' title='bbox 243 390 423 446; x_wconf 81' lang='lat' dir='ltr'><strong>viano</strong></span> <span class='ocrx_word' id='word_1_21' title='bbox 466 388 660 464; x_wconf 81' lang='lat' dir='ltr'><strong>jubet.</strong></span> <span class='ocrx_word' id='word_1_22' title='bbox 779 388 988 448; x_wconf 48' lang='lat' dir='ltr'><strong>*Sensit</strong></span> <span class='ocrx_word' id='word_1_23' title='bbox 1034 388 1347 447; x_wconf 80' lang='lat' dir='ltr'><strong>ludibrium</strong></span> <span class='ocrx_word' id='word_1_24' title='bbox 1393 388 1591 457; x_wconf 85' lang='lat' dir='ltr'><strong>miles,</strong></span> <span class='ocrx_word' id='word_1_25' title='bbox 1639 385 2044 462; x_wconf 85' lang='lat' dir='ltr'><strong>disjectisque,</strong></span> <span class='ocrx_word' id='word_1_26' title='bbox 2097 387 2198 466; x_wconf 89' lang='lat' dir='ltr'><strong>qui</strong></span> 
     </span>
     <span class='ocr_line' id='line_1_5' title="bbox 250 465 2200 545; baseline -0.001 -17"><span class='ocrx_word' id='word_1_27' title='bbox 250 468 509 528; x_wconf 88' lang='lat' dir='ltr'><strong>tribunal</strong></span> <span class='ocrx_word' id='word_1_28' title='bbox 529 469 858 539; x_wconf 87' lang='lat' dir='ltr'><strong>tuebantur,</strong></span> <span class='ocrx_word' id='word_1_29' title='bbox 880 477 1144 530; x_wconf 84' lang='lat' dir='ltr'><strong>extrema</strong></span> <span class='ocrx_word' id='word_1_30' title='bbox 1165 468 1254 528; x_wconf 81' lang='lat' dir='ltr'><strong>vis</strong></span> <span class='ocrx_word' id='word_1_31' title='bbox 1273 467 1605 545; x_wconf 87' lang='lat' dir='ltr'><strong>parabatur.</strong></span> <span class='ocrx_word' id='word_1_32' title='bbox 1688 465 1984 543; x_wconf 75' lang='lat' dir='ltr'>Opposuit</span> <span class='ocrx_word' id='word_1_33' title='bbox 2010 467 2200 527; x_wconf 87' lang='lat' dir='ltr'><strong>sinum</strong></span> 
     </span>
     <span class='ocr_line' id='line_1_6' title="bbox 254 546 2255 623; baseline -0.001 -16"><span class='ocrx_word' id='word_1_34' title='bbox 254 550 560 619; x_wconf 87' lang='lat' dir='ltr'><strong>Antonius,</strong></span> <span class='ocrx_word' id='word_1_35' title='bbox 588 549 792 607; x_wconf 86' lang='lat' dir='ltr'><strong>stricto</strong></span> <span class='ocrx_word' id='word_1_36' title='bbox 820 548 1001 623; x_wconf 84' lang='lat' dir='ltr'><strong>ferro,</strong></span> <span class='ocrx_word' id='word_1_37' title='bbox 1056 559 1073 585; x_wconf 98' lang='grc'><strong>6</strong></span> <span class='ocrx_word' id='word_1_38' title='bbox 1099 558 1197 609; x_wconf 87' lang='lat' dir='ltr'><strong>aut</strong></span> <span class='ocrx_word' id='word_1_39' title='bbox 1223 550 1470 608; x_wconf 88' lang='lat' dir='ltr'><strong>militum</strong></span> <span class='ocrx_word' id='word_1_40' title='bbox 1516 567 1582 607; x_wconf 88' lang='lat' dir='ltr'><strong>se</strong></span> <span class='ocrx_word' id='word_1_41' title='bbox 1624 548 1910 619; x_wconf 84' lang='lat' dir='ltr'><strong>manibus,</strong></span> <span class='ocrx_word' id='word_1_42' title='bbox 1935 554 2030 605; x_wconf 88' lang='lat' dir='ltr'><strong>aut</strong></span> <span class='ocrx_word' id='word_1_43' title='bbox 2056 546 2198 617; x_wconf 87' lang='lat' dir='ltr'><strong>suis,</strong></span> <span class='ocrx_word' id='word_1_44' title='bbox 2248 597 2255 602; x_wconf 26' lang='lat' dir='ltr'>x</span> 
     </span>
    </p>
   </div>
   <div class='ocr_carea' id='block_1_4' title="bbox 163 627 2197 708">
    <p class='ocr_par' dir='ltr' id='par_1_4' title="bbox 163 627 2197 708">
     <span class='ocr_line' id='line_1_7' title="bbox 163 627 2197 708; baseline -0 -20"><span class='ocrx_word' id='word_1_45' title='bbox 163 701 172 706; x_wconf 39' lang='grc'><em>,</em></span> <span class='ocrx_word' id='word_1_46' title='bbox 256 636 276 663; x_wconf 93' lang='grc'><strong>6</strong></span> <span class='ocrx_word' id='word_1_47' title='bbox 306 630 671 689; x_wconf 89' lang='lat' dir='ltr'><strong>moriturum’</strong></span> <span class='ocrx_word' id='word_1_48' title='bbox 713 631 1039 690; x_wconf 80' lang='lat' dir='ltr'><strong>obtestans:</strong></span> <span class='ocrx_word' id='word_1_49' title='bbox 1085 637 1149 688; x_wconf 86' lang='lat' dir='ltr'><strong>ut</strong></span> <span class='ocrx_word' id='word_1_50' title='bbox 1170 647 1468 708; x_wconf 80' lang='lat' dir='ltr'>quemque</span> <span class='ocrx_word' id='word_1_51' title='bbox 1488 629 1694 688; x_wconf 63' lang='lat' dir='ltr'><strong>‘notum</strong></span> <span class='ocrx_word' id='word_1_52' title='bbox 1733 635 1797 687; x_wconf 90' lang='lat' dir='ltr'><strong>et</strong></span> <span class='ocrx_word' id='word_1_53' title='bbox 1823 628 2018 708; x_wconf 88' lang='lat' dir='ltr'><strong>aliquo</strong></span> <span class='ocrx_word' id='word_1_54' title='bbox 2047 627 2197 687; x_wconf 88' lang='lat' dir='ltr'><strong>mili—</strong></span> 
     </span>
    </p>
   </div>
   <div class='ocr_carea' id='block_1_5' title="bbox 247 707 2205 1347">
    <p class='ocr_par' dir='ltr' id='par_1_5' title="bbox 247 707 2205 1270">
     <span class='ocr_line' id='line_1_8' title="bbox 254 707 2198 787; baseline -0.001 -19"><span class='ocrx_word' id='word_1_55' title='bbox 254 711 366 768; x_wconf 86' lang='lat' dir='ltr'><strong>tari</strong></span> <span class='ocrx_word' id='word_1_56' title='bbox 392 710 614 769; x_wconf 80' lang='lat' dir='ltr'><strong>decore</strong></span> <span class='ocrx_word' id='word_1_57' title='bbox 640 709 925 785; x_wconf 81' lang='lat' dir='ltr'>insignem</span> <span class='ocrx_word' id='word_1_58' title='bbox 951 711 1321 787; x_wconf 79' lang='lat' dir='ltr'><strong>adspexerat,</strong></span> <span class='ocrx_word' id='word_1_59' title='bbox 1349 710 1420 770; x_wconf 82' lang='lat' dir='ltr'><strong>a‘d</strong></span> <span class='ocrx_word' id='word_1_60' title='bbox 1447 707 1746 784; x_wconf 78' lang='lat' dir='ltr'><strong>ferendam</strong></span> <span class='ocrx_word' id='word_1_61' title='bbox 1764 727 1940 786; x_wconf 88' lang='lat' dir='ltr'><strong>opem</strong></span> <span class='ocrx_word' id='word_1_62' title='bbox 1963 708 2198 768; x_wconf 86' lang='lat' dir='ltr'><strong>nomine</strong></span> 
     </span>
     <span class='ocr_line' id='line_1_9' title="bbox 251 789 2197 867; baseline -0.002 -15"><span class='ocrx_word' id='word_1_63' title='bbox 251 791 455 852; x_wconf 75' lang='lat' dir='ltr'><strong>‘ciensz</strong></span> <span class='ocrx_word' id='word_1_64' title='bbox 507 808 643 855; x_wconf 84' lang='lat' dir='ltr'><strong>mox</strong></span> <span class='ocrx_word' id='word_1_65' title='bbox 670 808 990 850; x_wconf 87' lang='lat' dir='ltr'><strong>conversus</strong></span> <span class='ocrx_word' id='word_1_66' title='bbox 1019 791 1090 849; x_wconf 88' lang='lat' dir='ltr'><strong>ad</strong></span> <span class='ocrx_word' id='word_1_67' title='bbox 1130 794 1310 867; x_wconf 87' lang='lat' dir='ltr'><strong>signa,</strong></span> <span class='ocrx_word' id='word_1_68' title='bbox 1338 798 1402 851; x_wconf 90' lang='lat' dir='ltr'><strong>et</strong></span> <span class='ocrx_word' id='word_1_69' title='bbox 1423 792 1720 851; x_wconf 90' lang='lat' dir='ltr'><strong>bellorum</strong></span> <span class='ocrx_word' id='word_1_70' title='bbox 1749 789 1934 861; x_wconf 86' lang='lat' dir='ltr'><strong>Deos,</strong></span> <span class='ocrx_word' id='word_1_71' title='bbox 1965 796 1982 824; x_wconf 91' lang='lat'>‘</span> <span class='ocrx_word' id='word_1_72' title='bbox 2012 789 2197 849; x_wconf 84' lang='lat' dir='ltr'><strong>hosti-</strong></span> 
     </span>
     <span class='ocr_line' id='line_1_10' title="bbox 262 869 2204 949; baseline -0.001 -19"><span class='ocrx_word' id='word_1_73' title='bbox 262 876 281 903; x_wconf 94' lang='lat'>‘</span> <span class='ocrx_word' id='word_1_74' title='bbox 313 890 414 931; x_wconf 87' lang='lat' dir='ltr'><strong>um</strong></span> <span class='ocrx_word' id='word_1_75' title='bbox 452 874 645 949; x_wconf 83' lang='lat' dir='ltr'><strong>potius</strong></span> <span class='ocrx_word' id='word_1_76' title='bbox 692 871 1049 931; x_wconf 81' lang='lat' dir='ltr'><strong>exercitibus</strong></span> <span class='ocrx_word' id='word_1_77' title='bbox 1095 871 1258 929; x_wconf 85' lang='lat' dir='ltr'><strong>illum</strong></span> <span class='ocrx_word' id='word_1_78' title='bbox 1314 870 1598 942; x_wconf 81' lang='lat' dir='ltr'><strong>furorem,</strong></span> <span class='ocrx_word' id='word_1_79' title='bbox 1639 872 1796 931; x_wconf 85' lang='lat' dir='ltr'><strong>illam</strong></span> <span class='ocrx_word' id='word_1_80' title='bbox 1855 869 2204 930; x_wconf 77' lang='lat' dir='ltr'>discordiam</span> 
     </span>
     <span class='ocr_line' id='line_1_11' title="bbox 260 949 2204 1029; baseline 0 -20"><span class='ocrx_word' id='word_1_81' title='bbox 260 957 280 984; x_wconf 91' lang='lat'>‘</span> <span class='ocrx_word' id='word_1_82' title='bbox 311 952 647 1029; x_wconf 82' lang='lat' dir='ltr'><strong>injicerent,</strong></span> <span class='ocrx_word' id='word_1_83' title='bbox 687 954 918 1011; x_wconf 88' lang='lat' dir='ltr'><strong>orabat:</strong></span> <span class='ocrx_word' id='word_1_84' title='bbox 964 952 1153 1010; x_wconf 89' lang='lat' dir='ltr'><strong>donec</strong></span> <span class='ocrx_word' id='word_1_85' title='bbox 1191 949 1489 1010; x_wconf 79' lang='lat' dir='ltr'><strong>fatisceret</strong></span> <span class='ocrx_word' id='word_1_86' title='bbox 1526 952 1758 1023; x_wconf 88' lang='lat' dir='ltr'><strong>seditio,</strong></span> <span class='ocrx_word' id='word_1_87' title='bbox 1808 958 1890 1023; x_wconf 90' lang='lat' dir='ltr'><strong>et,</strong></span> <span class='ocrx_word' id='word_1_88' title='bbox 1934 957 2204 1011; x_wconf 84' lang='lat' dir='ltr'><strong>extremo</strong></span> 
     </span>
     <span class='ocr_line' id='line_1_12' title="bbox 247 1026 2204 1110; baseline 0.001 -20"><span class='ocrx_word' id='word_1_89' title='bbox 247 1030 379 1107; x_wconf 84' lang='lat' dir='ltr'><strong>jam</strong></span> <span class='ocrx_word' id='word_1_90' title='bbox 419 1033 537 1102; x_wconf 87' lang='lat' dir='ltr'><strong>die,</strong></span> <span class='ocrx_word' id='word_1_91' title='bbox 565 1051 667 1092; x_wconf 87' lang='lat' dir='ltr'><strong>sua</strong></span> <span class='ocrx_word' id='word_1_92' title='bbox 702 1026 952 1110; x_wconf 81' lang='lat' dir='ltr'><strong>quisque</strong></span> <span class='ocrx_word' id='word_1_93' title='bbox 995 1032 1056 1090; x_wconf 90' lang='lat' dir='ltr'><strong>in</strong></span> <span class='ocrx_word' id='word_1_94' title='bbox 1096 1031 1348 1090; x_wconf 87' lang='lat' dir='ltr'><strong>tentoria</strong></span> <span class='ocrx_word' id='word_1_95' title='bbox 1392 1031 1811 1091; x_wconf 79' lang='lat' dir='ltr'><strong>dilaberentur.</strong></span> <span class='ocrx_word' id='word_1_96' title='bbox 1896 1030 2204 1092; x_wconf 79' lang='lat' dir='ltr'><strong>Profectus</strong></span> 
     </span>
     <span class='ocr_line' id='line_1_13' title="bbox 260 1109 2205 1187; baseline 0.001 -15"><span class='ocrx_word' id='word_1_97' title='bbox 260 1112 471 1172; x_wconf 78' lang='lat' dir='ltr'><strong>eadem</strong></span> <span class='ocrx_word' id='word_1_98' title='bbox 489 1119 664 1170; x_wconf 88' lang='lat' dir='ltr'><strong>nocte</strong></span> <span class='ocrx_word' id='word_1_99' title='bbox 686 1111 1015 1182; x_wconf 83' lang='lat' dir='ltr'><strong>Flavianus,</strong></span> <span class='ocrx_word' id='word_1_100' title='bbox 1038 1110 1226 1170; x_wconf 84' lang='lat' dir='ltr'><strong>obviis</strong></span> <span class='ocrx_word' id='word_1_101' title='bbox 1254 1109 1599 1187; x_wconf 79' lang='lat' dir='ltr'><strong>Vespasiani</strong></span> <span class='ocrx_word' id='word_1_102' title='bbox 1616 1112 1858 1184; x_wconf 86' lang='lat' dir='ltr'><strong>litteris,</strong></span> <span class='ocrx_word' id='word_1_103' title='bbox 1883 1111 2205 1173; x_wconf 81' lang='lat' dir='ltr'><strong>discrimini</strong></span> 
     </span>
     <span class='ocr_line' id='line_1_14' title="bbox 265 1188 1870 1270; baseline -0.004 -21"><span class='ocrx_word' id='word_1_104' title='bbox 265 1199 581 1269; x_wconf 84' lang='lat' dir='ltr'><strong>exemptus</strong></span> <span class='ocrx_word' id='word_1_105' title='bbox 604 1197 713 1249; x_wconf 90' lang='lat' dir='ltr'><strong>est.</strong></span> <span class='ocrx_word' id='word_1_106' title='bbox 747 1188 849 1270; x_wconf 77' lang='lat' dir='ltr'><strong>(p)</strong></span> <span class='ocrx_word' id='word_1_107' title='bbox 1866 1238 1870 1242; x_wconf 88' lang='lat'><strong>.</strong></span> 
     </span>
    </p>

    <p class='ocr_par' dir='ltr' id='par_1_6' title="bbox 347 1266 2203 1347">
     <span class='ocr_line' id='line_1_15' title="bbox 347 1266 2203 1347; baseline 0.002 -18"><span class='ocrx_word' id='word_1_108' title='bbox 347 1269 457 1329; x_wconf 87' lang='lat' dir='ltr'><strong>XI.</strong></span> <span class='ocrx_word' id='word_1_109' title='bbox 520 1270 840 1347; x_wconf 59' lang='lat' dir='ltr'><strong>Legiones,</strong></span> <span class='ocrx_word' id='word_1_110' title='bbox 883 1270 1049 1330; x_wconf 85' lang='lat' dir='ltr'><strong>velut</strong></span> <span class='ocrx_word' id='word_1_111' title='bbox 1098 1271 1235 1328; x_wconf 89' lang='lat' dir='ltr'><strong>tabe</strong></span> <span class='ocrx_word' id='word_1_112' title='bbox 1307 1266 1567 1342; x_wconf 62' lang='lat' dir='ltr'><strong>infectas,</strong></span> <span class='ocrx_word' id='word_1_113' title='bbox 1615 1266 1905 1346; x_wconf 85' lang='lat' dir='ltr'><strong>Aponium</strong></span> <span class='ocrx_word' id='word_1_114' title='bbox 1946 1272 2203 1333; x_wconf 84' lang='lat' dir='ltr'><strong>Saturni·</strong></span> 
     </span>
    </p>
   </div>
   <div class='ocr_carea' id='block_1_6' title="bbox 179 1337 2248 1429">
    <p class='ocr_par' dir='ltr' id='par_1_7' title="bbox 179 1337 2248 1429">
     <span class='ocr_line' id='line_1_16' title="bbox 179 1337 2248 1429; baseline 0.002 -18"><span class='ocrx_word' id='word_1_115' title='bbox 179 1415 182 1418; x_wconf 71' lang='grc'><strong>,</strong></span> <span class='ocrx_word' id='word_1_116' title='bbox 261 1371 427 1422; x_wconf 86' lang='lat' dir='ltr'><strong>num,</strong></span> <span class='ocrx_word' id='word_1_117' title='bbox 454 1350 686 1411; x_wconf 80' lang='lat' dir='ltr'><strong>Moesici</strong></span> <span class='ocrx_word' id='word_1_118' title='bbox 713 1337 1013 1410; x_wconf 55' lang='lat' dir='ltr'><strong>exeicitus</strong></span> <span class='ocrx_word' id='word_1_119' title='bbox 1041 1350 1343 1427; x_wconf 84' lang='lat' dir='ltr'><strong>Legatum,</strong></span> <span class='ocrx_word' id='word_1_120' title='bbox 1371 1369 1446 1410; x_wconf 91' lang='lat' dir='ltr'><strong>eo</strong></span> <span class='ocrx_word' id='word_1_121' title='bbox 1475 1351 1724 1411; x_wconf 86' lang='lat' dir='ltr'><strong>atrocius</strong></span> <span class='ocrx_word' id='word_1_122' title='bbox 1748 1350 2202 1429; x_wconf 78' lang='lat' dir='ltr'><strong>adgrediuntur,</strong></span> <span class='ocrx_word' id='word_1_123' title='bbox 2241 1351 2248 1358; x_wconf 83' lang='grc'><strong>’</strong></span> 
     </span>
    </p>
   </div>
   <div class='ocr_carea' id='block_1_7' title="bbox 264 1430 2212 1913">
    <p class='ocr_par' dir='ltr' id='par_1_8' title="bbox 264 1430 2212 1913">
     <span class='ocr_line' id='line_1_17' title="bbox 264 1430 2207 1512; baseline 0.001 -21"><span class='ocrx_word' id='word_1_124' title='bbox 264 1432 423 1512; x_wconf 87' lang='lat' dir='ltr'><strong>quod</strong></span> <span class='ocrx_word' id='word_1_125' title='bbox 459 1452 596 1503; x_wconf 85' lang='lat' dir='ltr'><strong>non,</strong></span> <span class='ocrx_word' id='word_1_126' title='bbox 631 1438 697 1491; x_wconf 85' lang='lat' dir='ltr'><strong>ut</strong></span> <span class='ocrx_word' id='word_1_127' title='bbox 723 1434 908 1508; x_wconf 82' lang='lat' dir='ltr'><strong>prius,</strong></span> <span class='ocrx_word' id='word_1_128' title='bbox 930 1432 1134 1490; x_wconf 87' lang='lat' dir='ltr'><strong>labore</strong></span> <span class='ocrx_word' id='word_1_129' title='bbox 1163 1438 1227 1489; x_wconf 91' lang='lat' dir='ltr'><strong>et</strong></span> <span class='ocrx_word' id='word_1_130' title='bbox 1262 1449 1449 1508; x_wconf 87' lang='lat' dir='ltr'><strong>opere</strong></span> <span class='ocrx_word' id='word_1_131' title='bbox 1490 1430 1686 1501; x_wconf 83' lang='lat' dir='ltr'><strong>fessae,</strong></span> <span class='ocrx_word' id='word_1_132' title='bbox 1723 1431 1831 1491; x_wconf 89' lang='lat' dir='ltr'><strong>sed</strong></span> <span class='ocrx_word' id='word_1_133' title='bbox 1865 1432 2059 1493; x_wconf 90' lang='lat' dir='ltr'><strong>medio</strong></span> <span class='ocrx_word' id='word_1_134' title='bbox 2085 1433 2207 1494; x_wconf 90' lang='lat' dir='ltr'><strong>diei</strong></span> 
     </span>
     <span class='ocr_line' id='line_1_18' title="bbox 266 1510 2209 1589; baseline 0.001 -17"><span class='ocrx_word' id='word_1_135' title='bbox 266 1519 608 1574; x_wconf 84' lang='lat' dir='ltr'><strong>exarserant</strong></span> <span class='ocrx_word' id='word_1_136' title='bbox 627 1534 646 1573; x_wconf 71' lang='lat' dir='ltr'>x</span> <span class='ocrx_word' id='word_1_137' title='bbox 688 1511 934 1589; x_wconf 82' lang='lat' dir='ltr'><strong>vulgatis</strong></span> <span class='ocrx_word' id='word_1_138' title='bbox 965 1510 1251 1589; x_wconf 88' lang='lat' dir='ltr'><strong>epistolis,</strong></span> <span class='ocrx_word' id='word_1_139' title='bbox 1301 1519 1442 1587; x_wconf 85' lang='lat' dir='ltr'><strong>quas</strong></span> <span class='ocrx_word' id='word_1_140' title='bbox 1469 1512 1790 1588; x_wconf 73' lang='lat' dir='ltr'><strong>Saturninis</strong></span> <span class='ocrx_word' id='word_1_141' title='bbox 1816 1512 1886 1571; x_wconf 91' lang='lat' dir='ltr'><strong>ad</strong></span> <span class='ocrx_word' id='word_1_142' title='bbox 1906 1510 2209 1574; x_wconf 86' lang='lat' dir='ltr'><strong>Vitellium</strong></span> 
     </span>
     <span class='ocr_line' id='line_1_19' title="bbox 266 1590 2208 1673; baseline 0.001 -20"><span class='ocrx_word' id='word_1_143' title='bbox 266 1592 574 1671; x_wconf 79' lang='lat' dir='ltr'><strong>scripsisse</strong></span> <span class='ocrx_word' id='word_1_144' title='bbox 602 1591 974 1653; x_wconf 80' lang='lat' dir='ltr'><strong>credebatur.</strong></span> <span class='ocrx_word' id='word_1_145' title='bbox 1055 1592 1140 1651; x_wconf 93' lang='lat' dir='ltr'><strong>Ut</strong></span> <span class='ocrx_word' id='word_1_146' title='bbox 1174 1590 1315 1649; x_wconf 87' lang='lat' dir='ltr'><strong>olim</strong></span> <span class='ocrx_word' id='word_1_147' title='bbox 1340 1592 1569 1652; x_wconf 81' lang='lat' dir='ltr'><strong>virtutis</strong></span> <span class='ocrx_word' id='word_1_148' title='bbox 1597 1592 2040 1673; x_wconf 62' lang='lat' dir='ltr'><strong>modestiaeque,</strong></span> <span class='ocrx_word' id='word_1_149' title='bbox 2067 1602 2208 1655; x_wconf 87' lang='lat' dir='ltr'><strong>tunc</strong></span> 
     </span>
     <span class='ocr_line' id='line_1_20' title="bbox 269 1671 2206 1751; baseline 0.001 -18"><span class='ocrx_word' id='word_1_150' title='bbox 269 1673 636 1751; x_wconf 85' lang='lat' dir='ltr'><strong>procacitatis</strong></span> <span class='ocrx_word' id='word_1_151' title='bbox 677 1678 742 1733; x_wconf 89' lang='lat' dir='ltr'><strong>et</strong></span> <span class='ocrx_word' id='word_1_152' title='bbox 765 1671 1123 1750; x_wconf 68' lang='lat' dir='ltr'><strong>petulantias,</strong></span> <span class='ocrx_word' id='word_1_153' title='bbox 1152 1676 1453 1732; x_wconf 86' lang='lat' dir='ltr'><strong>certamen</strong></span> <span class='ocrx_word' id='word_1_154' title='bbox 1489 1679 1637 1744; x_wconf 85' lang='lat' dir='ltr'><strong>erat,</strong></span> <span class='ocrx_word' id='word_1_155' title='bbox 1661 1691 1737 1732; x_wconf 87' lang='lat' dir='ltr'><strong>ne</strong></span> <span class='ocrx_word' id='word_1_156' title='bbox 1765 1675 1952 1734; x_wconf 89' lang='lat' dir='ltr'><strong>minus</strong></span> <span class='ocrx_word' id='word_1_157' title='bbox 1979 1676 2206 1735; x_wconf 84' lang='lat' dir='ltr'><strong>violen-</strong></span> 
     </span>
     <span class='ocr_line' id='line_1_21' title="bbox 269 1752 2204 1833; baseline 0.001 -20"><span class='ocrx_word' id='word_1_158' title='bbox 269 1761 363 1813; x_wconf 87' lang='lat' dir='ltr'><strong>ter</strong></span> <span class='ocrx_word' id='word_1_159' title='bbox 382 1755 692 1833; x_wconf 84' lang='lat' dir='ltr'><strong>Aponium‚</strong></span> <span class='ocrx_word' id='word_1_160' title='bbox 722 1752 1282 1831; x_wconf 24' lang='lat' dir='ltr'><strong>quamssFlavianum,</strong></span> <span class='ocrx_word' id='word_1_161' title='bbox 1310 1752 1382 1810; x_wconf 90' lang='lat' dir='ltr'><strong>ad</strong></span> <span class='ocrx_word' id='word_1_162' title='bbox 1417 1754 1770 1832; x_wconf 86' lang='lat' dir='ltr'><strong>supplicium</strong></span> <span class='ocrx_word' id='word_1_163' title='bbox 1791 1754 2204 1832; x_wconf 85' lang='lat' dir='ltr'><strong>deposcerent.</strong></span> 
     </span>
     <span class='ocr_line' id='line_1_22' title="bbox 270 1830 2212 1913; baseline 0.002 -20"><span class='ocrx_word' id='word_1_164' title='bbox 270 1835 505 1913; x_wconf 74' lang='lat' dir='ltr'><strong>Quippe</strong></span> <span class='ocrx_word' id='word_1_165' title='bbox 527 1834 790 1894; x_wconf 84' lang='lat' dir='ltr'><strong>Moesicae</strong></span> <span class='ocrx_word' id='word_1_166' title='bbox 830 1833 1114 1910; x_wconf 86' lang='lat' dir='ltr'><strong>legiones,</strong></span> <span class='ocrx_word' id='word_1_167' title='bbox 1136 1840 1155 1867; x_wconf 93' lang='grc'><strong>6</strong></span> <span class='ocrx_word' id='word_1_168' title='bbox 1188 1830 1435 1908; x_wconf 86' lang='lat' dir='ltr'><strong>adjutam</strong></span> <span class='ocrx_word' id='word_1_169' title='bbox 1464 1854 1496 1892; x_wconf 86' lang='lat' dir='ltr'><strong>a</strong></span> <span class='ocrx_word' id='word_1_170' title='bbox 1533 1848 1600 1892; x_wconf 85' lang='lat' dir='ltr'><strong>se</strong></span> <span class='ocrx_word' id='word_1_171' title='bbox 1629 1832 2096 1895; x_wconf 81' lang='lat' dir='ltr'><strong>Pannonicorum</strong></span> <span class='ocrx_word' id='word_1_172' title='bbox 2121 1837 2212 1897; x_wconf 87' lang='lat' dir='ltr'><strong>ul·</strong></span> 
     </span>
    </p>
   </div>
   <div class='ocr_carea' id='block_1_8' title="bbox 181 1913 2210 1994">
    <p class='ocr_par' dir='ltr' id='par_1_9' title="bbox 181 1913 2210 1994">
     <span class='ocr_line' id='line_1_23' title="bbox 181 1913 2210 1994; baseline 0.001 -19"><span class='ocrx_word' id='word_1_173' title='bbox 181 1933 190 1936; x_wconf 87' lang='grc'><strong><em>·</em></strong></span> <span class='ocrx_word' id='word_1_174' title='bbox 273 1923 287 1950; x_wconf 87' lang='lat'>‘</span> <span class='ocrx_word' id='word_1_175' title='bbox 317 1916 581 1987; x_wconf 87' lang='lat' dir='ltr'><strong>tionem,’</strong></span> <span class='ocrx_word' id='word_1_176' title='bbox 633 1913 985 1985; x_wconf 86' lang='lat' dir='ltr'><strong>referentes,</strong></span> <span class='ocrx_word' id='word_1_177' title='bbox 1053 1920 1115 1972; x_wconf 92' lang='lat' dir='ltr'><strong>et</strong></span> <span class='ocrx_word' id='word_1_178' title='bbox 1159 1913 1497 1994; x_wconf 70' lang='lat' dir='ltr'><strong>Pannonici,</strong></span> <span class='ocrx_word' id='word_1_179' title='bbox 1550 1914 1715 1973; x_wconf 81' lang='lat' dir='ltr'><strong>velut</strong></span> <span class='ocrx_word' id='word_1_180' title='bbox 1760 1917 2210 1978; x_wconf 82' lang='lat' dir='ltr'><strong>absolverentur</strong></span> 
     </span>
    </p>
   </div>
   <div class='ocr_carea' id='block_1_9' title="bbox 262 1992 2216 3044">
    <p class='ocr_par' dir='ltr' id='par_1_10' title="bbox 262 1992 2213 2796">
     <span class='ocr_line' id='line_1_24' title="bbox 270 1992 2210 2073; baseline 0.001 -17"><span class='ocrx_word' id='word_1_181' title='bbox 270 1997 513 2056; x_wconf 84' lang='lat' dir='ltr'><strong>aliorum</strong></span> <span class='ocrx_word' id='word_1_182' title='bbox 533 1992 843 2067; x_wconf 85' lang='lat' dir='ltr'><strong>seditione,</strong></span> <span class='ocrx_word' id='word_1_183' title='bbox 864 1994 1086 2055; x_wconf 82' lang='lat' dir='ltr'><strong>iterare</strong></span> <span class='ocrx_word' id='word_1_184' title='bbox 1113 1995 1344 2071; x_wconf 87' lang='lat' dir='ltr'><strong>culpam</strong></span> <span class='ocrx_word' id='word_1_185' title='bbox 1372 1994 1714 2073; x_wconf 87' lang='lat' dir='ltr'><strong>gaudebant.</strong></span> <span class='ocrx_word' id='word_1_186' title='bbox 1800 1996 1865 2056; x_wconf 88' lang='lat' dir='ltr'><strong>ln</strong></span> <span class='ocrx_word' id='word_1_187' title='bbox 1895 1997 2120 2070; x_wconf 87' lang='lat' dir='ltr'><strong>hortos,</strong></span> <span class='ocrx_word' id='word_1_188' title='bbox 2149 1998 2210 2058; x_wconf 90' lang='lat' dir='ltr'><strong>in</strong></span> 
     </span>
     <span class='ocr_line' id='line_1_25' title="bbox 271 2075 2210 2156; baseline 0.001 -19"><span class='ocrx_word' id='word_1_189' title='bbox 271 2078 474 2156; x_wconf 87' lang='lat' dir='ltr'><strong>quibus</strong></span> <span class='ocrx_word' id='word_1_190' title='bbox 502 2077 925 2135; x_wconf 83' lang='lat' dir='ltr'><strong>devertebatur</strong></span> <span class='ocrx_word' id='word_1_191' title='bbox 950 2075 1313 2146; x_wconf 86' lang='lat' dir='ltr'><strong>Saturninus,</strong></span> <span class='ocrx_word' id='word_1_192' title='bbox 1345 2083 1635 2154; x_wconf 83' lang='lat' dir='ltr'><strong>pergunt:</strong></span> <span class='ocrx_word' id='word_1_193' title='bbox 1681 2096 1792 2136; x_wconf 87' lang='lat' dir='ltr'><strong>nec</strong></span> <span class='ocrx_word' id='word_1_194' title='bbox 1818 2085 1935 2136; x_wconf 85' lang='lat' dir='ltr'><strong>tam</strong></span> <span class='ocrx_word' id='word_1_195' title='bbox 1981 2076 2210 2139; x_wconf 86' lang='lat' dir='ltr'><strong>Primus</strong></span> 
     </span>
     <span class='ocr_line' id='line_1_26' title="bbox 268 2154 2206 2235; baseline 0 -17"><span class='ocrx_word' id='word_1_196' title='bbox 268 2167 332 2218; x_wconf 90' lang='lat' dir='ltr'><strong>et</strong></span> <span class='ocrx_word' id='word_1_197' title='bbox 376 2157 705 2233; x_wconf 86' lang='lat' dir='ltr'><strong>Aponianus</strong></span> <span class='ocrx_word' id='word_1_198' title='bbox 747 2162 808 2214; x_wconf 91' lang='lat' dir='ltr'><strong>et</strong></span> <span class='ocrx_word' id='word_1_199' title='bbox 833 2154 1110 2226; x_wconf 84' lang='lat' dir='ltr'><strong>Messala,</strong></span> <span class='ocrx_word' id='word_1_200' title='bbox 1156 2156 1687 2235; x_wconf 75' lang='lat' dir='ltr'><strong>quamquamomni</strong></span> <span class='ocrx_word' id='word_1_201' title='bbox 1713 2156 1888 2215; x_wconf 88' lang='lat' dir='ltr'><strong>modo</strong></span> <span class='ocrx_word' id='word_1_202' title='bbox 1929 2157 2064 2228; x_wconf 89' lang='lat' dir='ltr'><strong>nisi,</strong></span> <span class='ocrx_word' id='word_1_203' title='bbox 2087 2158 2206 2225; x_wconf 85' lang='lat' dir='ltr'><strong>eri-</strong></span> 
     </span>
     <span class='ocr_line' id='line_1_27' title="bbox 270 2235 2213 2316; baseline 0.002 -19"><span class='ocrx_word' id='word_1_204' title='bbox 270 2256 462 2316; x_wconf 86' lang='lat' dir='ltr'><strong>puere</strong></span> <span class='ocrx_word' id='word_1_205' title='bbox 495 2235 883 2306; x_wconf 87' lang='lat' dir='ltr'><strong>Saturninum,</strong></span> <span class='ocrx_word' id='word_1_206' title='bbox 912 2254 1086 2313; x_wconf 86' lang='lat' dir='ltr'><strong>quam</strong></span> <span class='ocrx_word' id='word_1_207' title='bbox 1112 2237 1435 2296; x_wconf 84' lang='lat' dir='ltr'><strong>obscuritas</strong></span> <span class='ocrx_word' id='word_1_208' title='bbox 1462 2237 1835 2308; x_wconf 84' lang='lat' dir='ltr'><strong>latebrarum,</strong></span> <span class='ocrx_word' id='word_1_209' title='bbox 1866 2237 2076 2314; x_wconf 88' lang='lat' dir='ltr'><strong>quibus</strong></span> <span class='ocrx_word' id='word_1_210' title='bbox 2114 2258 2213 2300; x_wconf 86' lang='lat' dir='ltr'><strong>oc-</strong></span> 
     </span>
     <span class='ocr_line' id='line_1_28' title="bbox 270 2314 2207 2394; baseline 0.002 -17"><span class='ocrx_word' id='word_1_211' title='bbox 270 2318 599 2387; x_wconf 87' lang='lat' dir='ltr'><strong>culebatur,</strong></span> <span class='ocrx_word' id='word_1_212' title='bbox 642 2316 970 2376; x_wconf 84' lang='lat' dir='ltr'><strong>vacantium</strong></span> <span class='ocrx_word' id='word_1_213' title='bbox 1008 2314 1163 2391; x_wconf 80' lang='lat' dir='ltr'><strong>forte</strong></span> <span class='ocrx_word' id='word_1_214' title='bbox 1206 2318 1544 2377; x_wconf 86' lang='lat' dir='ltr'><strong>balnearum</strong></span> <span class='ocrx_word' id='word_1_215' title='bbox 1575 2314 1902 2393; x_wconf 84' lang='lat' dir='ltr'><strong>fornacibus</strong></span> <span class='ocrx_word' id='word_1_216' title='bbox 1945 2318 2170 2394; x_wconf 81' lang='lat' dir='ltr'><strong>abditus</strong></span> <span class='ocrx_word' id='word_1_217' title='bbox 2189 2343 2207 2380; x_wconf 70' lang='grc' dir='ltr'><strong>ε</strong></span> 
     </span>
     <span class='ocr_line' id='line_1_29' title="bbox 262 2395 2210 2478; baseline 0.004 -25"><span class='ocrx_word' id='word_1_218' title='bbox 262 2417 429 2469; x_wconf 84' lang='lat' dir='ltr'><strong>mox,</strong></span> <span class='ocrx_word' id='word_1_219' title='bbox 453 2396 680 2457; x_wconf 86' lang='lat' dir='ltr'><strong>omissis</strong></span> <span class='ocrx_word' id='word_1_220' title='bbox 715 2395 1039 2477; x_wconf 86' lang='lat' dir='ltr'><strong>lictoribus,</strong></span> <span class='ocrx_word' id='word_1_221' title='bbox 1070 2395 1373 2458; x_wconf 79' lang='lat' dir='ltr'><strong>Patavium</strong></span> <span class='ocrx_word' id='word_1_222' title='bbox 1409 2396 1719 2458; x_wconf 83' lang='lat' dir='ltr'><strong>concessit.</strong></span> <span class='ocrx_word' id='word_1_223' title='bbox 1743 2395 1837 2478; x_wconf 85' lang='lat' dir='ltr'><strong>(q)</strong></span> <span class='ocrx_word' id='word_1_224' title='bbox 1922 2396 2210 2476; x_wconf 84' lang='lat' dir='ltr'><strong>Digressu</strong></span> 
     </span>
     <span class='ocr_line' id='line_1_30' title="bbox 269 2477 2209 2558; baseline 0.002 -21"><span class='ocrx_word' id='word_1_225' title='bbox 269 2477 679 2538; x_wconf 73' lang='lat' dir='ltr'><strong>Consularium</strong></span> <span class='ocrx_word' id='word_1_226' title='bbox 705 2477 806 2537; x_wconf 89' lang='lat' dir='ltr'><strong>uni</strong></span> <span class='ocrx_word' id='word_1_227' title='bbox 834 2477 1085 2536; x_wconf 85' lang='lat' dir='ltr'><strong>Antonio</strong></span> <span class='ocrx_word' id='word_1_228' title='bbox 1102 2478 1192 2537; x_wconf 84' lang='lat' dir='ltr'><strong>vis</strong></span> <span class='ocrx_word' id='word_1_229' title='bbox 1221 2498 1288 2538; x_wconf 90' lang='lat' dir='ltr'><strong>ac</strong></span> <span class='ocrx_word' id='word_1_230' title='bbox 1310 2486 1566 2556; x_wconf 89' lang='lat' dir='ltr'><strong>potestas</strong></span> <span class='ocrx_word' id='word_1_231' title='bbox 1594 2479 1653 2537; x_wconf 89' lang='lat' dir='ltr'><strong>in</strong></span> <span class='ocrx_word' id='word_1_232' title='bbox 1681 2488 1995 2558; x_wconf 89' lang='lat' dir='ltr'><strong>utrumque</strong></span> <span class='ocrx_word' id='word_1_233' title='bbox 2035 2499 2209 2541; x_wconf 79' lang='lat' dir='ltr'><strong>exer-</strong></span> 
     </span>
     <span class='ocr_line' id='line_1_31' title="bbox 268 2557 2205 2634; baseline 0.002 -15"><span class='ocrx_word' id='word_1_234' title='bbox 268 2560 446 2620; x_wconf 84' lang='lat' dir='ltr'><strong>eitum</strong></span> <span class='ocrx_word' id='word_1_235' title='bbox 474 2557 602 2629; x_wconf 79' lang='lat' dir='ltr'><strong>fuit,</strong></span> <span class='ocrx_word' id='word_1_236' title='bbox 625 2557 968 2617; x_wconf 85' lang='lat' dir='ltr'><strong>cedentibus</strong></span> <span class='ocrx_word' id='word_1_237' title='bbox 990 2558 1272 2634; x_wconf 87' lang='lat' dir='ltr'><strong>conlegis,</strong></span> <span class='ocrx_word' id='word_1_238' title='bbox 1310 2567 1372 2618; x_wconf 87' lang='lat' dir='ltr'><strong>et</strong></span> <span class='ocrx_word' id='word_1_239' title='bbox 1396 2559 1664 2619; x_wconf 83' lang='lat' dir='ltr'><strong>obversis</strong></span> <span class='ocrx_word' id='word_1_240' title='bbox 1689 2560 1935 2620; x_wconf 88' lang='lat' dir='ltr'><strong>militum</strong></span> <span class='ocrx_word' id='word_1_241' title='bbox 1962 2560 2166 2621; x_wconf 88' lang='lat' dir='ltr'><strong>studiis</strong></span> <span class='ocrx_word' id='word_1_242' title='bbox 2191 2586 2205 2623; x_wconf 90' lang='lat'>:</span> 
     </span>
     <span class='ocr_line' id='line_1_32' title="bbox 270 2637 2212 2717; baseline 0.002 -18"><span class='ocrx_word' id='word_1_243' title='bbox 270 2658 379 2699; x_wconf 85' lang='lat' dir='ltr'><strong>nec</strong></span> <span class='ocrx_word' id='word_1_244' title='bbox 425 2639 693 2709; x_wconf 87' lang='lat' dir='ltr'><strong>deerant,</strong></span> <span class='ocrx_word' id='word_1_245' title='bbox 748 2638 849 2716; x_wconf 89' lang='lat' dir='ltr'><strong>qui</strong></span> <span class='ocrx_word' id='word_1_246' title='bbox 897 2637 1239 2709; x_wconf 82' lang='lat' dir='ltr'><strong>crederent,</strong></span> <span class='ocrx_word' id='word_1_247' title='bbox 1285 2647 1590 2717; x_wconf 84' lang='lat' dir='ltr'><strong>utramque</strong></span> <span class='ocrx_word' id='word_1_248' title='bbox 1618 2641 1967 2701; x_wconf 88' lang='lat' dir='ltr'><strong>seditionem</strong></span> <span class='ocrx_word' id='word_1_249' title='bbox 2006 2638 2212 2704; x_wconf 84' lang='lat' dir='ltr'><strong>fraude</strong></span> 
     </span>
     <span class='ocr_line' id='line_1_33' title="bbox 270 2716 1914 2796; baseline 0.001 -18"><span class='ocrx_word' id='word_1_250' title='bbox 270 2719 502 2779; x_wconf 82' lang='lat' dir='ltr'><strong>Antonii</strong></span> <span class='ocrx_word' id='word_1_251' title='bbox 530 2727 803 2796; x_wconf 87' lang='lat' dir='ltr'><strong>coeptam,</strong></span> <span class='ocrx_word' id='word_1_252' title='bbox 832 2726 892 2778; x_wconf 89' lang='lat' dir='ltr'><strong>ut</strong></span> <span class='ocrx_word' id='word_1_253' title='bbox 920 2718 1080 2778; x_wconf 88' lang='lat' dir='ltr'><strong>solus</strong></span> <span class='ocrx_word' id='word_1_254' title='bbox 1109 2720 1270 2778; x_wconf 76' lang='lat' dir='ltr'><strong>bello</strong></span> <span class='ocrx_word' id='word_1_255' title='bbox 1298 2717 1614 2779; x_wconf 88' lang='lat' dir='ltr'><strong>frueretur.</strong></span> <span class='ocrx_word' id='word_1_256' title='bbox 1908 2716 1914 2721; x_wconf 77' lang='grc'><em>’</em></span> 
     </span>
    </p>

    <p class='ocr_par' dir='ltr' id='par_1_11' title="bbox 265 2798 2216 3044">
     <span class='ocr_line' id='line_1_34' title="bbox 345 2798 2212 2878; baseline 0.003 -20"><span class='ocrx_word' id='word_1_257' title='bbox 345 2799 484 2858; x_wconf 88' lang='lat' dir='ltr'><strong>XII.</strong></span> <span class='ocrx_word' id='word_1_258' title='bbox 529 2798 625 2858; x_wconf 92' lang='lat' dir='ltr'><strong>Ne</strong></span> <span class='ocrx_word' id='word_1_259' title='bbox 646 2800 706 2858; x_wconf 91' lang='lat' dir='ltr'><strong>in</strong></span> <span class='ocrx_word' id='word_1_260' title='bbox 734 2798 964 2858; x_wconf 86' lang='lat' dir='ltr'><strong>Vitellii</strong></span> <span class='ocrx_word' id='word_1_261' title='bbox 990 2799 1227 2877; x_wconf 86' lang='lat' dir='ltr'><strong>quidem</strong></span> <span class='ocrx_word' id='word_1_262' title='bbox 1255 2802 1515 2877; x_wconf 85' lang='lat' dir='ltr'><strong>partibus</strong></span> <span class='ocrx_word' id='word_1_263' title='bbox 1553 2802 1769 2878; x_wconf 71' lang='lat' dir='ltr'><strong>quietae</strong></span> <span class='ocrx_word' id='word_1_264' title='bbox 1810 2806 2061 2875; x_wconf 83' lang='lat' dir='ltr'><strong>mentes,</strong></span> <span class='ocrx_word' id='word_1_265' title='bbox 2085 2805 2212 2864; x_wconf 87' lang='lat' dir='ltr'><strong>exi·</strong></span> 
     </span>
     <span class='ocr_line' id='line_1_35' title="bbox 265 2879 2216 2961; baseline 0.003 -22"><span class='ocrx_word' id='word_1_266' title='bbox 265 2881 508 2940; x_wconf 88' lang='lat' dir='ltr'><strong>tiosiore</strong></span> <span class='ocrx_word' id='word_1_267' title='bbox 553 2879 864 2949; x_wconf 87' lang='lat' dir='ltr'><strong>discordia,</strong></span> <span class='ocrx_word' id='word_1_268' title='bbox 932 2898 1048 2938; x_wconf 86' lang='lat' dir='ltr'><strong>non</strong></span> <span class='ocrx_word' id='word_1_269' title='bbox 1095 2881 1528 2957; x_wconf 85' lang='lat' dir='ltr'><strong>suspicionibus</strong></span> <span class='ocrx_word' id='word_1_270' title='bbox 1576 2881 1756 2957; x_wconf 83' lang='lat' dir='ltr'><strong>vulgi,</strong></span> <span class='ocrx_word' id='word_1_271' title='bbox 1802 2882 1911 2941; x_wconf 90' lang='lat' dir='ltr'><strong>sed</strong></span> <span class='ocrx_word' id='word_1_272' title='bbox 1963 2884 2216 2961; x_wconf 88' lang='lat' dir='ltr'><strong>perfidia</strong></span> 
     </span>
     <span class='ocr_line' id='line_1_36' title="bbox 270 2960 2206 3044; baseline 0.003 -25"><span class='ocrx_word' id='word_1_273' title='bbox 270 2961 520 3033; x_wconf 85' lang='lat' dir='ltr'><strong>Ducum,</strong></span> <span class='ocrx_word' id='word_1_274' title='bbox 557 2960 958 3044; x_wconf 84' lang='lat' dir='ltr'><strong>turbabantur.</strong></span> <span class='ocrx_word' id='word_1_275' title='bbox 1043 2960 1301 3020; x_wconf 88' lang='lat' dir='ltr'><strong>Lucilius</strong></span> <span class='ocrx_word' id='word_1_276' title='bbox 1344 2961 1577 3032; x_wconf 85' lang='lat' dir='ltr'><strong>Bassus,</strong></span> <span class='ocrx_word' id='word_1_277' title='bbox 1608 2960 1702 3041; x_wconf 84' lang='lat' dir='ltr'><strong>(r)</strong></span> <span class='ocrx_word' id='word_1_278' title='bbox 1739 2963 1938 3030; x_wconf 85' lang='lat' dir='ltr'><strong>classis</strong></span> <span class='ocrx_word' id='word_1_279' title='bbox 1974 2963 2206 3025; x_wconf 83' lang='lat' dir='ltr'><strong>Raven-</strong></span> 
     </span>
    </p>
   </div>
   <div class='ocr_carea' id='block_1_10' title="bbox 305 3140 2200 3229">
    <p class='ocr_par' dir='ltr' id='par_1_12' title="bbox 305 3140 2200 3229">
     <span class='ocr_line' id='line_1_37' title="bbox 305 3140 2200 3229; baseline 0.002 -23"><span class='ocrx_word' id='word_1_280' title='bbox 305 3222 314 3229; x_wconf 80' lang='lat'><strong>.</strong></span> <span class='ocrx_word' id='word_1_281' title='bbox 324 3173 362 3222; x_wconf 78' lang='lat' dir='ltr'><strong>p</strong></span> <span class='ocrx_word' id='word_1_282' title='bbox 397 3155 525 3206; x_wconf 75' lang='lat' dir='ltr'><strong>This</strong></span> <span class='ocrx_word' id='word_1_283' title='bbox 542 3167 929 3221; x_wconf 79' lang='lat' dir='ltr'><strong>passage-seems</strong></span> <span class='ocrx_word' id='word_1_284' title='bbox 962 3158 1015 3204; x_wconf 88' lang='lat' dir='ltr'><strong>to</strong></span> <span class='ocrx_word' id='word_1_285' title='bbox 1035 3155 1169 3204; x_wconf 81' lang='lat' dir='ltr'><strong>have</strong></span> <span class='ocrx_word' id='word_1_286' title='bbox 1189 3154 1322 3204; x_wconf 89' lang='lat' dir='ltr'><strong>been</strong></span> <span class='ocrx_word' id='word_1_287' title='bbox 1342 3154 1740 3205; x_wconf 83' lang='lat' dir='ltr'><strong>misunderstood</strong></span> <span class='ocrx_word' id='word_1_288' title='bbox 1770 3154 1843 3218; x_wconf 85' lang='lat' dir='ltr'><strong>by</strong></span> <span class='ocrx_word' id='word_1_289' title='bbox 1865 3140 2002 3209; x_wconf 76' lang='lat' dir='ltr'><strong>some</strong></span> <span class='ocrx_word' id='word_1_290' title='bbox 2023 3157 2083 3207; x_wconf 84' lang='lat' dir='ltr'><strong>os</strong></span> <span class='ocrx_word' id='word_1_291' title='bbox 2110 3161 2200 3210; x_wconf 80' lang='lat' dir='ltr'><strong>the</strong></span> 
     </span>
    </p>
   </div>
   <div class='ocr_carea' id='block_1_11' title="bbox 203 3221 2212 3281">
    <p class='ocr_par' dir='ltr' id='par_1_13' title="bbox 203 3221 2212 3281">
     <span class='ocr_line' id='line_1_38' title="bbox 203 3221 2212 3281; baseline 0.002 -9"><span class='ocrx_word' id='word_1_292' title='bbox 203 3222 208 3223; x_wconf 46' lang='lat'><em>⁷</em></span> <span class='ocrx_word' id='word_1_293' title='bbox 264 3227 661 3272; x_wconf 75' lang='lat' dir='ltr'><strong>commentatum.</strong></span> <span class='ocrx_word' id='word_1_294' title='bbox 731 3221 881 3280; x_wconf 77' lang='lat' dir='ltr'><strong>They</strong></span> <span class='ocrx_word' id='word_1_295' title='bbox 902 3221 1132 3281; x_wconf 74' lang='lat' dir='ltr'><strong>observa,</strong></span> <span class='ocrx_word' id='word_1_296' title='bbox 1164 3223 1278 3271; x_wconf 86' lang='lat' dir='ltr'><strong>that</strong></span> <span class='ocrx_word' id='word_1_297' title='bbox 1297 3222 1443 3271; x_wconf 87' lang='lat' dir='ltr'><strong>there</strong></span> <span class='ocrx_word' id='word_1_298' title='bbox 1476 3235 1580 3270; x_wconf 84' lang='lat' dir='ltr'><strong>was</strong></span> <span class='ocrx_word' id='word_1_299' title='bbox 1600 3226 1690 3271; x_wconf 89' lang='lat' dir='ltr'><strong>not</strong></span> <span class='ocrx_word' id='word_1_300' title='bbox 1720 3222 1965 3272; x_wconf 79' lang='lat' dir='ltr'><strong>sufficient</strong></span> <span class='ocrx_word' id='word_1_301' title='bbox 1995 3225 2119 3276; x_wconf 89' lang='lat' dir='ltr'><strong>time</strong></span> <span class='ocrx_word' id='word_1_302' title='bbox 2136 3226 2212 3276; x_wconf 83' lang='lat' dir='ltr'><strong>sor</strong></span> 
     </span>
    </p>
   </div>
   <div class='ocr_carea' id='block_1_12' title="bbox 247 3286 2218 3425">
    <p class='ocr_par' dir='ltr' id='par_1_14' title="bbox 247 3286 2218 3425">
     <span class='ocr_line' id='line_1_39' title="bbox 247 3286 2208 3352; baseline 0.003 -14"><span class='ocrx_word' id='word_1_303' title='bbox 247 3287 539 3351; x_wconf 60' lang='lat' dir='ltr'><strong>“Vespasian</strong></span> <span class='ocrx_word' id='word_1_304' title='bbox 555 3295 608 3338; x_wconf 91' lang='lat' dir='ltr'><strong>to</strong></span> <span class='ocrx_word' id='word_1_305' title='bbox 627 3289 828 3338; x_wconf 79' lang='lat' dir='ltr'><strong>receive</strong></span> <span class='ocrx_word' id='word_1_306' title='bbox 844 3286 1178 3352; x_wconf 82' lang='lat' dir='ltr'><strong>intelligence,</strong></span> <span class='ocrx_word' id='word_1_307' title='bbox 1200 3288 1301 3337; x_wconf 83' lang='lat' dir='ltr'><strong>and</strong></span> <span class='ocrx_word' id='word_1_308' title='bbox 1319 3293 1496 3347; x_wconf 82' lang='lat' dir='ltr'><strong>return</strong></span> <span class='ocrx_word' id='word_1_309' title='bbox 1524 3304 1592 3337; x_wconf 73' lang='lat' dir='ltr'><strong>an</strong></span> <span class='ocrx_word' id='word_1_310' title='bbox 1612 3301 1808 3337; x_wconf 82' lang='lat' dir='ltr'><strong>answer</strong></span> <span class='ocrx_word' id='word_1_311' title='bbox 1839 3287 2139 3342; x_wconf 69' lang='lat' dir='ltr'><strong>favour-able</strong></span> <span class='ocrx_word' id='word_1_312' title='bbox 2155 3299 2208 3343; x_wconf 89' lang='lat' dir='ltr'><strong>to</strong></span> 
     </span>
     <span class='ocr_line' id='line_1_40' title="bbox 266 3352 2218 3425; baseline 0.003 -21"><span class='ocrx_word' id='word_1_313' title='bbox 266 3354 571 3414; x_wconf 77' lang='lat' dir='ltr'><strong>Flavianus3</strong></span> <span class='ocrx_word' id='word_1_314' title='bbox 605 3352 708 3404; x_wconf 78' lang='lat' dir='ltr'><strong>but&#39;</strong></span> <span class='ocrx_word' id='word_1_315' title='bbox 721 3357 847 3416; x_wconf 82' lang='lat' dir='ltr'><strong>they</strong></span> <span class='ocrx_word' id='word_1_316' title='bbox 882 3353 1047 3418; x_wconf 83' lang='lat' dir='ltr'><strong>might</strong></span> <span class='ocrx_word' id='word_1_317' title='bbox 1060 3355 1194 3404; x_wconf 84' lang='lat' dir='ltr'><strong>have</strong></span> <span class='ocrx_word' id='word_1_318' title='bbox 1216 3355 1535 3414; x_wconf 87' lang='lat' dir='ltr'><strong>recollected,</strong></span> <span class='ocrx_word' id='word_1_319' title='bbox 1549 3355 1666 3405; x_wconf 81' lang='lat' dir='ltr'><strong>that</strong></span> <span class='ocrx_word' id='word_1_320' title='bbox 1681 3355 1749 3402; x_wconf 81' lang='lat' dir='ltr'><strong>he</strong></span> <span class='ocrx_word' id='word_1_321' title='bbox 1771 3354 1890 3406; x_wconf 79' lang='lat' dir='ltr'><strong>who</strong></span> <span class='ocrx_word' id='word_1_322' title='bbox 1927 3359 2031 3408; x_wconf 80' lang='lat' dir='ltr'><strong>had</strong></span> <span class='ocrx_word' id='word_1_323' title='bbox 2051 3360 2218 3425; x_wconf 82' lang='lat' dir='ltr'><strong>along</strong></span> 
     </span>
    </p>
   </div>
   <div class='ocr_carea' id='block_1_13' title="bbox 260 3420 2215 3548">
    <p class='ocr_par' dir='ltr' id='par_1_15' title="bbox 260 3420 2215 3548">
     <span class='ocr_line' id='line_1_41' title="bbox 260 3420 2215 3487; baseline 0.003 -18"><span class='ocrx_word' id='word_1_324' title='bbox 260 3421 479 3484; x_wconf 77' lang='lat' dir='ltr'><strong>journey</strong></span> <span class='ocrx_word' id='word_1_325' title='bbox 498 3424 551 3469; x_wconf 89' lang='lat' dir='ltr'><strong>to</strong></span> <span class='ocrx_word' id='word_1_326' title='bbox 588 3424 758 3481; x_wconf 77' lang='lat' dir='ltr'><strong>make,</strong></span> <span class='ocrx_word' id='word_1_327' title='bbox 777 3424 909 3470; x_wconf 85' lang='lat' dir='ltr'><strong>most</strong></span> <span class='ocrx_word' id='word_1_328' title='bbox 941 3420 1194 3485; x_wconf 77' lang='lat' dir='ltr'><strong>probably</strong></span> <span class='ocrx_word' id='word_1_329' title='bbox 1213 3421 1451 3470; x_wconf 85' lang='lat' dir='ltr'><strong>received</strong></span> <span class='ocrx_word' id='word_1_330' title='bbox 1478 3423 1567 3473; x_wconf 81' lang='lat' dir='ltr'><strong>the</strong></span> <span class='ocrx_word' id='word_1_331' title='bbox 1602 3423 1778 3475; x_wconf 83' lang='lat' dir='ltr'><strong>letters</strong></span> <span class='ocrx_word' id='word_1_332' title='bbox 1808 3421 1862 3471; x_wconf 85' lang='lat' dir='ltr'><strong>in</strong></span> <span class='ocrx_word' id='word_1_333' title='bbox 1892 3425 2124 3487; x_wconf 81' lang='lat' dir='ltr'><strong>question</strong></span> <span class='ocrx_word' id='word_1_334' title='bbox 2160 3432 2215 3475; x_wconf 81' lang='lat' dir='ltr'><strong>at</strong></span> 
     </span>
     <span class='ocr_line' id='line_1_42' title="bbox 269 3485 931 3548; baseline -0.003 -12"><span class='ocrx_word' id='word_1_335' title='bbox 269 3501 406 3537; x_wconf 80' lang='lat' dir='ltr'><strong>some</strong></span> <span class='ocrx_word' id='word_1_336' title='bbox 427 3486 573 3548; x_wconf 79' lang='lat' dir='ltr'><strong>place</strong></span> <span class='ocrx_word' id='word_1_337' title='bbox 595 3502 661 3536; x_wconf 87' lang='lat' dir='ltr'><strong>on</strong></span> <span class='ocrx_word' id='word_1_338' title='bbox 680 3490 772 3538; x_wconf 85' lang='lat' dir='ltr'><strong>the</strong></span> <span class='ocrx_word' id='word_1_339' title='bbox 787 3485 931 3537; x_wconf 82' lang='lat' dir='ltr'><strong>road.</strong></span> 
     </span>
    </p>
   </div>
   <div class='ocr_carea' id='block_1_14' title="bbox 271 3551 2215 3676">
    <p class='ocr_par' dir='ltr' id='par_1_16' title="bbox 271 3551 2215 3676">
     <span class='ocr_line' id='line_1_43' title="bbox 332 3551 2215 3618; baseline 0.002 -16"><span class='ocrx_word' id='word_1_340' title='bbox 332 3570 364 3617; x_wconf 86' lang='lat' dir='ltr'><em>q</em></span> <span class='ocrx_word' id='word_1_341' title='bbox 404 3551 1075 3618; x_wconf 70' lang='lat' dir='ltr'><strong>Vacontium-fornacibus.</strong></span> <span class='ocrx_word' id='word_1_342' title='bbox 1164 3552 1221 3603; x_wconf 90' lang='lat' dir='ltr'><strong>In</strong></span> <span class='ocrx_word' id='word_1_343' title='bbox 1263 3554 1351 3602; x_wconf 87' lang='lat' dir='ltr'><strong>the</strong></span> <span class='ocrx_word' id='word_1_344' title='bbox 1393 3554 1601 3609; x_wconf 75' lang='lat' dir='ltr'><strong>samace</strong></span> <span class='ocrx_word' id='word_1_345' title='bbox 1633 3556 1690 3607; x_wconf 81' lang='lat' dir='ltr'><strong>os</strong></span> <span class='ocrx_word' id='word_1_346' title='bbox 1718 3573 1750 3606; x_wconf 82' lang='lat' dir='ltr'><strong>a</strong></span> <span class='ocrx_word' id='word_1_347' title='bbox 1790 3555 1931 3616; x_wconf 83' lang='lat' dir='ltr'><strong>bath,</strong></span> <span class='ocrx_word' id='word_1_348' title='bbox 1992 3558 2114 3607; x_wconf 84' lang='lat' dir='ltr'><strong>then</strong></span> <span class='ocrx_word' id='word_1_349' title='bbox 2144 3557 2215 3616; x_wconf 73' lang='lat' dir='ltr'><strong>by</strong></span> 
     </span>
     <span class='ocr_line' id='line_1_44' title="bbox 271 3617 1106 3676; baseline 0.004 -9"><span class='ocrx_word' id='word_1_350' title='bbox 271 3617 481 3676; x_wconf 84' lang='lat' dir='ltr'><strong>chance,</strong></span> <span class='ocrx_word' id='word_1_351' title='bbox 501 3623 591 3669; x_wconf 89' lang='lat' dir='ltr'><strong>not</strong></span> <span class='ocrx_word' id='word_1_352' title='bbox 606 3619 659 3668; x_wconf 89' lang='lat' dir='ltr'><strong>in</strong></span> <span class='ocrx_word' id='word_1_353' title='bbox 680 3627 787 3669; x_wconf 84' lang='lat' dir='ltr'><strong>us&#39;e.</strong></span> <span class='ocrx_word' id='word_1_354' title='bbox 1099 3646 1106 3655; x_wconf 46' lang='lat'><em>*</em></span> 
     </span>
    </p>
   </div>
   <div class='ocr_carea' id='block_1_15' title="bbox 330 3684 1486 3812">
    <p class='ocr_par' dir='ltr' id='par_1_17' title="bbox 330 3684 1486 3812">
     <span class='ocr_line' id='line_1_45' title="bbox 330 3684 1486 3812; baseline 0.007 -79"><span class='ocrx_word' id='word_1_355' title='bbox 330 3701 360 3734; x_wconf 78' lang='lat' dir='ltr'><strong>r</strong></span> <span class='ocrx_word' id='word_1_356' title='bbox 390 3684 494 3734; x_wconf 82' lang='lat' dir='ltr'><strong>For</strong></span> <span class='ocrx_word' id='word_1_357' title='bbox 508 3684 740 3747; x_wconf 82' lang='lat' dir='ltr'><strong>Lucilius</strong></span> <span class='ocrx_word' id='word_1_358' title='bbox 757 3687 957 3746; x_wconf 80' lang='lat' dir='ltr'><strong>Bassus,</strong></span> <span class='ocrx_word' id='word_1_359' title='bbox 973 3701 1057 3737; x_wconf 84' lang='lat' dir='ltr'><strong>see</strong></span> <span class='ocrx_word' id='word_1_360' title='bbox 1076 3685 1348 3812; x_wconf 45' lang='lat' dir='ltr'><strong>Hishiii‘s.</strong></span> <span class='ocrx_word' id='word_1_361' title='bbox 1375 3688 1486 3740; x_wconf 81' lang='lat'><strong>100.</strong></span> 
     </span>
    </p>
   </div>
  </div>
 </body>
</html>
