2459 4075
154 2955 158 2960 .
271 2904 443 2963 modo

257 142 378 199 200
851 133 926 194 C.
971 132 1217 194 coRN.
1259 130 1570 191 TAcl'rx.
1613 131 1622 140 ’
1760 150 1819 189 Α.
1850 143 1911 190 υ.
1941 148 1999 188 c.
2030 131 2168 187 8232

250 280 503 343 millibus
517 297 794 361 passuum
819 279 1091 340 abfuisse.
1164 279 1349 338 Tunc
1389 278 1658 336 Divinam
1673 276 1941 354 speciem
1963 281 2029 333 et
2052 273 2172 332 vim

250 365 514 441 responsi
543 382 620 424 ex
636 362 868 422 nomine
896 369 914 396 ‘
948 357 1234 419 Basilidis’
1264 357 1669 435 interpretatus
1695 363 1807 416 est.
1921 379 1928 384 ·

334 442 668 503 Lxxxm.
713 440 893 518 Origo
928 439 1042 498 Dei
1095 439 1349 499 nondum
1389 437 1597 497 nostris
1637 436 1966 496 auctoribus
2011 434 2172 492 cele-

253 523 456 595 brata3
500 521 907 601 AEgyptiorum
946 520 1223 579 antistites
1264 518 1350 578 sic
1385 523 1709 576 memorant
1729 537 1748 574 ε
1795 522 1812 550 ⁶
1853 515 2182 573 Ptolemaeo

261 610 277 635 ⁶
300 602 471 680 Regi,
498 603 594 680 qui
642 601 1023 660 Macedonum
1047 598 1267 677 primus
1292 597 1533 676 AEgypti
1563 615 1706 673 opes
1747 594 2011 664 firmavit,
2037 607 2174 651 cum

261 688 277 716 ⁸
309 682 671 741 Alexandriae
690 699 907 746 recens,
922 681 1167 739 conditae
1197 678 1413 738 moenia
1428 677 1763 754 templaque
1783 681 1846 734 et
1865 673 2175 750 religiones

261 770 279 795 ⁴
310 762 565 830 adderet,
609 762 881 830 oblatum,
901 778 1010 836 per
1037 758 1319 837 quietem,
1345 757 1560 818 decore
1604 755 1820 815 eximio
1847 763 1910 814 et
1953 753 2176 829 majore

260 848 278 876 ‘
309 861 477 917 quam
526 841 772 898 humana
795 840 998 918 specie
1015 840 1325 917 juvenem,
1351 836 1448 914 qui
1493 836 1803 906 moneret,’
1851 842 1939 903 ut,
1968 830 2172 891 fidissi-

258 920 368 978 mis
392 921 706 977 amicorum
754 919 812 976 in
855 918 1103 977 Pontum
1150 918 1360 987 missis,
1408 915 1682 992 effigiem·
1705 923 1869 975 ‘suam
1909 912 2167 972 acciret:

258 998 456 1056 laetum
484 998 539 1054 id
578 997 803 1073 Regno,
836 1017 1212 1076 magnamque
1242 1004 1304 1057 et
1343 998 1595 1056 inclitam
1619 995 1824 1055 ,sedem
1864 992 2013 1063 fore,
2041 1011 2168 1069 qnae

261 1078 597 1155 excepisset
622 1098 637 1136 z
686 1085 701 1110 ‘
733 1078 907 1138 simul
933 1078 1120 1142 visum
1145 1078 1417 1138 eumdem
1454 1077 1739 1153 juvenem
1764 1076 1824 1132 in
1850 1073 2063 1132 coelum
2090 1071 2171 1147 ig·

262 1163 280 1189 ‘
309 1176 386 1215 ne
416 1158 662 1233 plurimo
690 1157 931 1217 adtolli!
1017 1151 1393 1226 Ptolem'aeus,
1442 1154 1633 1236 omine
1660 1163 1724 1213 et
1766 1154 2042 1212 miraculo
2070 1163 2171 1209 ex-

261 1236 434 1305 citus,
476 1237 881 1297 Sacerdotibus
928 1237 1353 1315 AEgyptiorum‚
1401 1236 1609 1311 quibus
1646 1253 1770 1293 mos
1807 1233 1945 1294 talia
1967 1230 2177 1290 intelli·

180 1379 187 1386 ,
263 1336 426 1393 gare,
454 1324 764 1376 nocturnos
791 1318 948 1376 visus
984 1318 1200 1395 aperit.
1284 1316 1476 1393 Atque
1504 1315 1641 1386 illis,
1684 1313 1852 1375 Ponti
1899 1321 1961 1372 et
1987 1317 2178 1371 exter·

267 1397 475 1455 'norum
502 1416 702 1472 parum
744 1398 954 1473 gnaris,
1003 1396 1406 1466 Timotheum,
1433 1396 1874 1462 Atheniensem,
1922 1412 1957 1451 e
2002 1396 2175 1467 gente

271 1474 762 1551 Eumolpidarum,
809 1475 907 1553 (u)
962 1494 1155 1551 quem,
1219 1481 1283 1533 ut
1343 1475 1654 1534 antistitem
1704 1472 2177 1539 castimoniarum,

269 1552 547 1612 Eleusine
596 1554 915 1624 exciverat,
945 1562 963 1589 ‘
994 1572 1261 1631 quaenam
1307 1554 1409 1612 illa
1452 1554 1808 1632 superstitio,
1837 1552 2008 1630 ‚quod
2051 1549 2173 1608 Nu·

267 1639 286 1666 ‘
315 1649 446 1691 men
468 1634 511 1691 ‘3’
554 1632 884 1708 interrogat.
970 1633 1342 1704 Timotheus,
1395 1635 1677 1711 quaesitis‚
1709 1633 1811 1711 qui
1846 1633 1904 1691 in
1932 1632 2177 1689 Pontum

267 1720 573 1782 meassent‚
601 1713 918 1788 cognoscit,
946 1715 1148 1772 urbem
1173 1713 1296 1772 illic
1343 1712 1622 1790 Sinopen,
1649 1733 1761 1772 nec
1789 1712 2006 1789 procul
2029 1718 2178 1769 tem·-

266 1792 449 1868 plum‚
478 1798 681 1850 vetere
709 1795 860 1851 inter
905 1794 1133 1854 adcolas
1159 1792 1333 1863 sama,
1373 1791 1539 1853 Jovis
1568 1793 1739 1853 Ditis.
1823 1791 2091 1868 Namque
2117 1795 2179 1846 et

264 1873 610 1930 muliebrem
632 1872 880 1948 effigiem
916 1872 1214 1943 adsistere,
1264 1890 1430 1949 quam
1459 1873 1725 1951 plerique
1777 1870 2178 1948 Proserpinam

267 1963 501 2009 vocent.
588 1951 704 2009 Sed
751 1952 1124 2021 Ptolemaeus,
1155 1960 1216 2011 ut
1242 1961 1377 2012 sunt
1414 1952 1647 2028 ingenia
1673 1951 1923 2028 Regum,
1963 1965 2176 2028 pronus

268 2030 339 2094 ad
363 2029 746 2103 formidinem,
774 2032 873 2091 ubi
918 2032 1201 2092 securitas
1229 2031 1421 2102 rediit,
1449 2032 1809 2111 voluptatum
1848 2031 2019 2108 qua'm
2044 2028 2179 2109 relif

262 2111 497 2187 gioaum
522 2111 823 2189 adpetens,
844 2112 1138 2189 negligere
1158 2113 1456 2190 paullatim
1473 2115 1730 2189 aliasque
1759 2111 1829 2171 ad
1856 2130 2021 2183 curas
2059 2108 2183 2167 ani·-

265 2210 422 2249 mum
443 2198 675 2250 vertere
702 2215 717 2251 2
761 2193 945 2259 donec
976 2194 1180 2252 eadem
1207 2192 1461 2271 species,
1501 2191 1815 2252 terribilior
1842 2191 1964 2269 jam
1993 2198 2054 2250 et
2090 2189 2176 2247 in-

269 2274 529 2341 stantior,
577 2279 594 2305 ‘
626 2271 867 2332 exitium
913 2272 1026 2349 ipsi
1067 2262 1412 2350 Regnoque’
1460 2272 1841 2342 denuntiaret,
1869 2280 1886 2306 ‘
1915 2290 1990 2329 ne
2020 2270 2183 2347 jussa

269 2356 287 2384 ⁶
308 2350 711 2427 patrarentur.⁹
797 2351 953 2410 Tum
997 2353 1218 2428 legatos
1259 2358 1322 2412 et
1360 2352 1512 2411 dona
1535 2352 2022 2430 Scydrothemidi,
2066 2350 2182 2410 Re-

267 2429 348 2506 gi,
406 2429 485 2508 (is
530 2438 664 2489 tunc
719 2431 1134 2508 Sinopensibus
1194 2430 1589 2512 imperitabat)
1653 2432 1918 2510 expediri
1969 2431 2177 2509 jubet:

315 2510 655 2588 raecipitque
682 2508 1047 2586 navigaturis,
1097 2519 1115 2545 ‘
1157 2519 1221 2572 ut
1249 2512 1522 2591 Pythium
1558 2513 1888 2590 Apollinem
1935 2512 2178 2572 adeant.’

325 2589 396 2648 lis
424 2609 579 2649 mare
619 2590 979 2650 secundum:
1023 2594 1149 2650 sors
1176 2593 1394 2652 oraculi
1422 2592 1573 2650 haud
1616 2592 1921 2668 ambigua:
1965 2599 1983 2625 ‘
2011 2590 2179 2664 irent,

266 2675 290 2702 ⁴
318 2670 796 2745 simulacrumque
818 2670 993 2747 patris
1019 2672 1106 2731 sui
1125 2674 1501 2743 reveherent,
1517 2670 2180 2749 sororis-relinquerent?

347 2745 677 2803 LXXXIV.
725 2748 803 2805 Ut
825 2750 1098 2825 Sinopem
1122 2748 1217 2830 (v)
1240 2770 1481 2821 venere,
1500 2771 1757 2821 munera,
1774 2770 2004 2829 preces,
2026 2766 2204 2827 man·7

269 2822 401 2883 data
427 2823 604 2961 Regis
625 2826 712 2882 sui
757 2827 1219 2903 Scydrothemidi
1259 2831 1540 2908 adlegant.
1621 2831 1735 2903 Qui
1763 2850 1963 2890 versus
1990 2831 2184 2900 animi,

464 2984 477 2996 ⁵
555 2922 727 2962 umen
769 2924 1109 2982 pavescere,
1157 2909 1330 2968 modo
1376 2911 1543 2971 minis
1589 2911 1939 2970 adversantis
1983 2911 2186 2988 populi

271 2990 524 3045 terreri:
568 3003 730 3062 sat-,pe
784 2984 948 3046 donis
1003 2989 1415 3068 promissisque
1462 2991 1782 3067 legatorum
1815 2989 2178 3050 flectebatur.

272 3067 465 3142 Atque
510 3066 743 3125 interim
781 3066 1030 3132 triennio
1083 3077 1313 3142 exacto,
1365 3069 1716 3130 Ptolomae‘us
1767 3089 1883 3129 non
1908 3070 2182 3141 studium,

272 3162 401 3233 non·
434 3163 666 3220 preces,
710 3147 997 3207 omittere.
1084 3149 1434 3224 Dignitatem
1485 3151 1828 3225 legatorum,
1877 3166 2184 3209 numerum

272 3240 526 3316 navmp,
547 3224 670 3287 auri
715 3226 940 3302 pondus
962 3231 1221 3305 augebat
1304 3228 1459 3301 Tum
1500 3229 1691 3290 minax
1736 3227 1914 3288 facies
1936 3228 2185 3307 Scydro-

276 3300 522 3360 themidi
572 3302 829 3376 offertur,
904 3314 933 3345 ‘-
975 3327 1051 3368 ne
1097 3309 1380 3369 destinata
1424 3308 1571 3368 ‚Deo
1623 3309 1773 3369 ultra
1823 3308 2182 3368 moraretur-⁹

343 3473 385 3507 u
414 3457 532 3506 The
565 3457 882 3511 descendants
915 3462 977 3511 os
1023 3461 1319 3527 Eumolpus,
1348 3465 1511 3515 called
1551 3465 1886 3533 Eumolpidae,
1925 3481 2061 3527 were
2093 3465 2183 3515 the

278 3521 464 3598 priests·
476 3518 535 3569 of
547 3518 721 3580 Ceres,
740 3526 857 3573 who
878 3522 1107 3588 presided
1126 3543 1250 3577 over
1267 3532 1353 3578 the
1375 3531 1495 3579 rites
1516 3531 1695 3594 called,
1710 3535 1838 3586 from
1869 3534 1957 3589 the
1984 3538 2120 3589 town
2129 3531 2192 3581 of

285 3584 503 3642 mame.
523 3583 611 3633 the
624 3585 928 3640 Etauinim
946 3596 1205 3652 mysteria.
1857 3596 1862 3601 ’
2007 3592 2016 3601 ”

349 3667 378 3700 υ
411 3650 613 3713 Sinope,
640 3663 679 3698 ι
695 3648 799 3713 city
814 3650 867 3701 in
878 3653 966 3703 the
978 3653 1213 3719 territory
1224 3658 1285 3706 os
1296 3656 1496 3710 Pontus.
