2459 4075
1732 135 1746 168 ἱ

259 166 376 222 108·
830 162 907 221 e.
952 157 1202 243 corin.
1251 162 1560 223 'rAc1'1-1.
1786 187 1843 225 A.
1871 187 1931 225 υ.
1957 183 2013 226 e.
2038 172 2181 226 ⁸22.

254 289 570 366 Claudiana
619 307 895 368 advenit:
936 297 1157 384 legioni
1201 308 1500 368 Tribunus
1544 308 1878 387 Vipstanius
1934 312 2194 374 Messala

249 393 526 463 praeerat,
570 389 745 447 claris
773 389 1112 468 majoribus,
1150 389 1417 471 egregius
1446 390 1596 467 ipse,
1627 391 1806 482 etqui
1846 394 2005 452 solus
2036 396 2106 452 ad
2134 395 2196 456 id
2300 439 2311 444 -
2350 389 2359 392 ’

250 467 473 527 bellum
503 478 659 528 artes
688 470 867 528 bonas
911 470 1229 529 adtulisset.
1311 469 1434 528 Has
1472 470 1542 528 ad
1579 486 1795 549 copias,
1826 491 2193 550 nequaquam

251 548 583 608 Vitellianis
613 555 783 626 pares
813 550 1060 629 (quippe
1107 561 1229 609 tres
1276 550 1463 608 adhuc
1509 551 1768 626 legiones
1810 552 2004 633 erant)
2026 555 2197 620 ‚misit
2222 560 2231 568 '

250 630 527 706 epistolas
558 630 815 701 Caecina,
850 640 865 664 ‘
896 631 1284 689 temeritatem
1315 632 1470 689 victa
1496 647 1655 690 arma
1681 632 2060 692 tractantium’
2110 636 2199 693 in-

193 773 206 790 ,
247 730 483 770 cusans:
530 711 699 769 simul
732 719 747 746 ‘
771 711 1308 770 virtusGermanici
1328 713 1644 771 exercitus’
1671 713 1930 771 laudibus
1952 716 2195 773 adtolle·

245 794 420 852 batur
441 814 455 864 3
503 790 725 850 Vitellii
746 792 972 850 modica
992 797 1051 848 et
1068 791 1292 867 vulgari
1311 793 1628 862 mentione,
1643 793 1869 853 nullain
1883 787 2197 870 Vespasia-

250 892 387 931 num
416 872 801 931 contumelia:
847 872 992 929 nihil
1020 891 1286 949 prorsus,
1314 873 1467 949 quod
1497 880 1592 932 aut
1614 884 2033 951 conrumperet
2059 876 2196 936 hos·

249 961 390 1021 tem,
410 959 503 1010 aut
521 958 797 1011 terreret.
883 952 1286 1010 Flavianarum
1303 953 1553 1030 partium
1573 953 1795 1023 Duces,
1810 954 2022 1013 omissa
2038 957 2194 1032 prio·

250 1033 331 1092 ris
359 1031 607 1091 fortunae
627 1031 989 1103 defensione,
1011 1052 1123 1109 pro
1146 1032 1503 1110 Vespasiano
1517 1034 1842 1110 magnifice,
1865 1054 1978 1111 pro
1996 1055 2198 1095 caussa

144 1188 149 1193 ἴ
247 1114 521 1182 fidenter,
538 1112 612 1170 de
627 1114 892 1186 exercitu
910 1114 1129 1184 securi,
1147 1116 1204 1171 in
1222 1112 1523 1173 Vitellium
1540 1122 1602 1173 ut
1617 1114 2194 1194 inimici‚praesump-

250 1214 388 1252 sere
413 1218 426 1253 ε
473 1191 553 1273 (Ζ)
575 1193 721 1270 facta
749 1194 1030 1253 Tribunis
1059 1194 1634 1273 centurionibusque
1678 1203 1695 1230 ‘
1720 1195 2033 1264 retinendi,
2064 1215 2194 1273 quae

256 1275 524 1334 Vitellius
552 1275 929 1345 indulsisset‚'
965 1294 1107 1350 spe:
1159 1282 1330 1351 atque
1373 1274 1564 1352 ipsum
1593 1275 1889 1335 Caecinam
1934 1295 2049 1334 non
2086 1278 2191 1335 ob-

250 1375 425 1415 scure
463 1357 530 1414 ad
559 1357 956 1425 transitionem
987 1357 1382 1414 hortabantur.
1469 1355 1751 1415 Recitatae
1775 1375 1885 1433 pro
1906 1356 2196 1417 concione

252 1437 518 1513 epistolae
571 1435 651 1513 m)
675 1436 949 1493 addidere
978 1435 1270 1505 fiduciam,
1300 1435 1456 1513 quod
1483 1437 1767 1496 submisse
1797 1436 2057 1506 Caecina,
2085 1456 2192 1497 ve-

250 1517 335 1575 lut
382 1516 536 1574 offen
579 1533 683 1573 ere
733 1515 1154 1593 Vespasianum
1208 1516 1443 1585 timens,
1491 1516 1749 1593 ipsorum
1800 1513 2000 1576 Duces
2053 1536 2196 1577 con·-

250 1596 537 1672 temptim‚
591 1601 877 1672 tamquam
919 1596 1259 1656 insultantes
1314 1596 1579 1667 Vitellio,
1602 1597 1995 1675 scripsissent.
2228 1617 2235 1622 ·

333 1673 408 1733 X.
456 1677 725 1734 Adventu
762 1676 974 1735 deinde
1001 1675 1244 1736 duarum
1273 1676 1588 1752 legionum,
1618 1697 1653 1735 e
1698 1678 1910 1757 quibus
1953 1677 2196 1736 tertiu-

253 1755 466 1815 Dillius
508 1757 861 1831 Aponianus,
906 1763 1167 1817 octavam
1197 1757 1493 1817 Numisius
1532 1757 1730 1835 Lupus
1763 1758 2070 1828 ducebant,
2101 1776 2196 1818 os-

249 1844 477 1895 tentare
501 1837 684 1906 vires,
710 1843 770 1896 et
796 1837 1029 1895 militari
1054 1840 1211 1898 vallo
1229 1837 1525 1897 Veronam
1554 1838 2187 1916 circumdare-placuit.

249 1916 432 1976 Forte
459 1915 759 1975 Galbianae
801 1917 1014 1994 legioni
1043 1918 1101 1977 in
1140 1918 1385 1979 adversa
1413 1917 1606 1978 fronte
1640 1919 1778 1978 valli
1801 1938 1946 1996 opus
1988 1938 2190 1979 cesse-

247 2005 359 2071 rat,
390 2004 450 2058 et
471 1998 580 2058 visi
601 2000 811 2075 procul
832 1998 1123 2059 sociorum
1161 2001 1413 2080 equites,
1451 2018 1655 2060 vanam
1703 1999 2094 2071 formidinem,
2124 2006 2190 2060 ut

249 2080 469 2153 hostes,
499 2078 723 2140 fecere.
812 2080 1139 2156 Rapiuntur
1179 2101 1339 2141 arma
1361 2088 1423 2140 et
1462 2089 1525 2140 ut
1552 2081 1896 2158 proditionis
1924 2082 2012 2140 ira
2033 2081 2187 2140 mili·

244 2167 366 2220 tum
393 2160 454 2219 in
483 2160 561 2219 Τ.
595 2160 869 2238 Ampium
901 2160 1246 2222 Flavianum
1289 2158 1572 2228 incubuit.
1607 2161 1706 2243 (n)
1732 2161 1892 2220 nullo
1926 2161 2193 2221 criminis

248 2249 606 2319 argumento,
635 2241 741 2301 sed
756 2241 881 2318 jam
920 2242 1152 2319 pridem
1173 2244 1390 2302 invisus
1413 2243 1643 2307 turbine
1683 2241 1932 2320 quodam
1960 2238 2033 2300 ad
2060 2241 2187 2300 exi-

246 2322 387 2381 tium
415 2323 803 2398 poscebatur:
850 2329 867 2357 ‘
892 2322 1286 2400 propinquum
1313 2322 1561 2394 Vitellii,
1604 2322 1967 2401 proditorem
1996 2320 2185 2381 Otho·

248 2410 265 2436 ‘
295 2402 408 2473 nis,
434 2402 895 2479 interceptorem
922 2399 1197 2460 donativi’
1227 2402 1614 2465 clamitabant.
1698 2402 1830 2461 Nec
1857 2402 2190 2462 defensioni

245 2484 430 2553 locus,
465 2481 809 2560 quamquam
847 2481 1150 2558 supplices
1184 2501 1385 2541 manus
1414 2484 1710 2552 tenderet,
1733 2482 1896 2541 humi
1925 2484 2188 2559 plerum-

246 2584 359 2641 que
407 2571 637 2633 stratus,
660 2563 861 2619 lacera
905 2570 1094 2633 veste,
1138 2570 1345 2640 pectus
1386 2572 1560 2641 atque
1589 2584 1695 2623 ora
1719 2563 1976 2640 singultu
1999 2564 2184 2640 quati·

246 2649 392 2704 e‘ns:
439 2645 496 2701 id
525 2644 715 2719 ipsum
757 2640 908 2718 apud
948 2641 1205 2702 infensos
1257 2643 1689 2713 incitamentum
1717 2651 1866 2713 erat,
1895 2650 2187 2719 tamquam

244 2723 451 2781 nimius
499 2741 688 2798 pavor
733 2721 1144 2782 conscientiam
1190 2733 1484 2800 argueret.
1569 2724 2005 2783 obturbabatur
2028 2725 2186 2781 mili—

245 2811 367 2861 tum
404 2802 643 2860 vocibus
685 2801 977 2879 Aponius,
1005 2801 1101 2883 (o)
1127 2816 1259 2862 cum
1287 2805 1449 2898 loqui
1477 2813 1806 2882 eoeptaret:
1852 2802 2088 2863 fremitu
2121 2811 2186 2863 et

244 2884 500 2941 clamore
522 2886 754 2940 ceteros
780 2882 1241 2960 adspernantur:
1286 2904 1386 2944 um
1414 2886 1666 2949 Antonio
1695 2891 1919 2962 apertae
1939 2882 2185 2943 militum

244 2981 454 3022 aures:
515 2982 762 3041 namque
808 2970 870 3023 et
908 2962 1173 3048 facundia
1218 2965 1438 3039 aderat,
1486 2966 1897 3044 mulcendique
1947 2965 2191 3041 vulgum

240 3051 400 3106 artes
430 3052 491 3104 et
516 3045 845 3106 auctoritas.
932 3043 1048 3104 Ubi
1085 3045 1446 3108 crudescere
1483 3048 1716 3117 seditio,
1749 3053 1815 3105 et
1853 3045 2197 3104 aconviciis

312 3308 333 3356 1
362 3306 738 3372 Proesumpsere.
808 3309 961 3371 They
980 3309 1137 3358 dared
1157 3315 1209 3359 to
1230 3310 1379 3359 write
1400 3309 1576 3372 boldly
1609 3307 1803 3372 aganut
1835 3304 2077 3355 Vitellius
2095 3307 2188 3355 be-

255 3372 360 3421 fore
380 3373 469 3420 the
491 3372 706 3435 victory.

310 3453 357 3488 m
389 3437 641 3501 Epistola,
674 3442 711 3488 i.
745 3454 787 3488 e.
826 3439 913 3486 the
955 3440 1127 3489 letters
1165 3440 1222 3488 of
1243 3439 1446 3491 Caecina
1474 3445 1528 3490 to
1560 3441 1649 3489 the
1679 3439 1879 3488 leaders
1900 3437 1960 3487 of
1988 3437 2184 3501 Vespa-

245 3502 352 3552 sian
367 3502 466 3552 and
480 3501 636 3550 theirs
650 3507 704 3552 to
724 3504 848 3552 him.

310 3585 349 3618 n
385 3568 448 3618 Ut
462 3569 780 3631 proditionis,
820 3575 907 3618 etc.
976 3570 1091 3619 The
1113 3587 1267 3634 anger
1301 3572 1358 3622 of
1388 3573 1477 3622 the
1498 3571 1719 3634 soldiery
1738 3585 1849 3620 was
1887 3567 2069 3617 turned
2099 3572 2180 3616 to-

247 3634 408 3684 wards
430 3632 701 3682 Flavianus
717 3650 771 3682 as
790 3635 878 3683 the
901 3636 1084 3684 author
1105 3638 1163 3685 of
1169 3638 1258 3685 the
1273 3640 1397 3700 plot.

309 3717 337 3750 o
369 3701 618 3770 Aponius.
686 3699 1000 3760 Saturninus,
1029 3702 1327 3767 concerning
1361 3705 1550 3763 whom,
1585 3719 1669 3754 see
1689 3702 1789 3760 this
1803 3700 2006 3754 bookss·
2033 3699 2082 3748 9·
