2459 4075
291 143 358 189 ,1.-
390 138 449 187 e.
480 127 579 185 68.
819 121 1147 182 HISTOR.
1192 120 1344 180 LIB.
1383 107 1711 179 PRIMUS.
2150 119 2228 174 37

297 273 422 333 tica
444 271 652 331 auxilia
686 271 894 342 nuntii,
922 277 987 329 ut
1009 287 1217 330 versos
1240 268 1300 327 in
1337 268 1624 344 legionem
1663 261 1976 350 Helvetios
2002 281 2038 321 a
2059 268 2226 340 tergo

447 352 787 411 ederentur.

301 353 661 491 nngVHL
707 432 823 502 Illi,
853 438 985 490 ante
1010 431 1327 491 discrimen
1355 427 1610 497 feroces,
1636 426 1696 486 in
1719 423 1991 504 periculo
2012 420 2228 499 pavidi,

289 528 650 590 quamquam
686 512 876 588 primo
916 514 1162 571 tumultu
1202 509 1516 569 Claudium
1564 509 1849 566 Severum
1877 504 2109 595 Ducem
2144 502 2228 592 le-

290 598 538 667 gerant,
590 610 704 650 non
754 610 914 651 arma
968 611 1240 659 noscere,
1288 608 1404 648 non
1468 588 1704 646 ordines
1755 604 1948 663 seqm,
1995 602 2111 643 non
2171 600 2254 639 m·

293 691 478 731 unum
524 672 868 731 consulere:
914 673 1218 731 exitiosum
1250 671 1530 730 adversus
1571 674 1884 727 veteranos
1932 662 2029 745 (z)
2070 680 2230 753 proe·

293 751 469 822 lium,
532 750 709 809 intuta
755 751 1003 820 obsidio,
1063 751 1301 828 dilapsis
1364 755 1652 809 vetustate
1706 746 2030 808 moenibus:
2092 743 2230 800 hinc

292 830 544 890 caecina
567 850 699 890 cum
736 832 927 891 valido
953 832 1219 892 exercitu
1245 853 1262 903 3
1303 830 1440 890 inde
1466 828 1750 889 Rhaeticae
1764 828 1888 888 alae
1923 824 2230 884 cohortes-

291 930 421 989 que
458 918 520 970 et
553 911 814 988 ipsorum
864 911 1206 972 Rhaetorum
1239 911 1543 987 juventus,
1585 916 1749 968 sueta
1775 907 1948 966 armis
1971 912 2035 964 et
2059 920 2229 995 more

292 990 526 1050 milium
574 992 875 1051 exercita:
934 992 1191 1069 undique
1253 990 1554 1068 populatio
1602 995 1663 1047 et
1714 987 1947 1046 caedes:
2004 983 2118 1062 ipsi
2169 1002 2232 1042 in

294 1069 502 1129 medio
529 1071 681 1145 vagi,
718 1070 959 1145 abjectis
988 1071 1187 1138 armis,
1223 1088 1430 1143 magna
1453 1087 1590 1144 pars
1617 1067 1796 1125 saucii
1824 1074 1919 1124 aut
1943 1065 2229 1141 palante8‚

299 1148 368 1205 in
397 1155 652 1206 montem
697 1147 1007 1207 Vocetium
1047 1146 1145 1228 (a)
1187 1147 1527 1224 perfugere.
1626 1148 1712 1203 Ac
1754 1144 1964 1213 statim,
1998 1144 2236 1203 inmissa

298 1227 555 1285 cohorte
597 1227 919 1296 Thracum,
956 1226 1209 1304 depulsi,
1249 1234 1332 1296 et,
1369 1224 1830 1285 consectantibus
1870 1222 2233 1282 Germanicis

298 1304 670 1383 Rhaetisque,
723 1326 840 1384 per
875 1307 1047 1367 silvas
1096 1313 1271 1385 atque
1318 1307 1378 1364 in
1435 1306 1579 1383 ipsis
1620 1304 1858 1365 latebris
1918 1302 2228 1361 trucidati:

296 1388 483 1445 multa
508 1385 804 1445 hominum
845 1387 1023 1446 millia
1043 1405 1219 1458 caesa‚
1251 1387 1429 1446 multa
1471 1388 1578 1446 sub
1626 1404 1843 1445 corona
1879 1382 2229 1443 venundata.

298 1465 592 1544 Cumque,
635 1466 837 1528 dirutis
888 1466 1171 1537 omnibus,
1219 1467 1595 1538 Aventicum,
1663 1463 1755 1547 (b)
1800 1465 1990 1543 gentis
2033 1470 2227 1542 caput,

288 1543 452 1622 justo
488 1546 711 1622 agmine
748 1555 1073 1624 peteretur,
1114 1548 1298 1618 missi,
1343 1549 1440 1624 qui
1468 1547 1760 1607 dederent
1784 1545 2084 1606 civitatem
2106 1550 2233 1604 :tet

296 1625 522 1685 deditio
568 1634 829 1705 accepta.
904 1628 983 1686 -In
1030 1627 1066 1683 J
1070 1628 1251 1687 ulium
1293 1628 1589 1704 Alpinum,
1634 1646 1670 1685 e
1729 1623 2112 1704 principibuS,
2166 1632 2233 1684 ut

296 1706 656 1766 concitorem
692 1708 859 1777 belli,
897 1708 1136 1772 Caeoina
1161 1706 1602 1769 animadvertit:
1646 1715 1882 1766 ceteros
1908 1705 2102 1765 veniae
2128 1705 2228 1766 vel

297 1786 542 1845 saevitiae
570 1786 795 1847 Vitellii
823 1788 1083 1867 reliquit.
1423 1819 1431 1828 ·
2215 1864 2219 1868 .

381 1864 599 1925 LXIX.
638 1866 811 1927 Haud
837 1868 1007 1928 facile
1043 1870 1203 1929 dictu
1229 1877 1343 1938 est,
1369 1869 1543 1946 legati
1586 1868 2000 1928 Helvetiorum
2040 1866 2228 1937 minus

271 1943 646 2021 'placabilem
690 1948 1135 2025 Imperatorem,
1184 1969 1255 2008 an
1292 1950 1537 2008 militem
1563 1949 1931 2009 invenerint:
1979 1958 1997 1983 ‘
2025 1948 2226 2008 eivita-

305 2030 321 2058 ‘
343 2024 415 2084 tis
445 2026 757 2086 excidium’
798 2034 1070 2104 poscunt,
1112 2029 1233 2086 tela
1277 2048 1346 2088 ae
1370 2048 1570 2089 manus
1622 2029 1682 2087 in
1729 2049 1833 2086 ora
1876 2029 2231 2104 Legatorum

297 2104 602 2166 intentant.
686 2105 783 2163 Ne
825 2106 1101 2164 Vitellius
1128 2107 1364 2182 quidem
1393 2107 1564 2165 minis
1591 2126 1656 2164 ac
1700 2107 1900 2165 verbis
1933 2113 2226 2184 tempera·

301 2184 439 2242 bat:
486 2203 622 2243 cum
663 2183 942 2244 Claudius
973 2185 1213 2255 Cossus,
1259 2203 1406 2244 unus
1448 2205 1524 2245 ex
1551 2185 1803 2260 Legatis,
1851 2193 2003 2245 notae
2033 2185 2226 2245 sacun-

298 2262 434 2332 diae,
464 2263 571 2323 sed
596 2263 827 2324 dicendi
854 2272 1043 2325 artem
1068 2274 1212 2342 ,apta
1237 2265 1624 2343 trepidatione
1647 2264 1945 2325 occultans
1965 2274 2136 2344 atque
2157 2283 2234 2327 eu

214 2355 224 2362 ·
303 2343 570 2415 validior,
601 2344 800 2404 militis
838 2344 1090 2405 animum
1127 2346 1443 2422 mitigavit:
1489 2353 1554 2405 ut
1579 2351 1671 2405 est
1708 2363 1847 2404 mox
1872 2346 2076 2422 vulgus
2104 2365 2229 2405 mu·

304 2424 477 2483 tabile
512 2425 716 2485 subitis
753 2433 816 2485 et
855 2433 970 2485 tam
1006 2444 1255 2503 pronum
1288 2427 1348 2485 in
1384 2425 1865 2498 misericordiam,
1907 2443 2083 2505 quam
2119 2427 2226 2486 im·-

303 2504 588 2565 modicum
620 2505 847 2565 saevitia
885 2503 1111 2565 suerat:
1159 2506 1356 2584 efljusis
1398 2508 1674 2576 lacrimis,
1717 2514 1780 2566 et
1815 2508 2063 2568 meliora
2088 2518 2227 2567 con-

304 2584 534 2644 stantius
586 2585 949 2663 postulando,
1002 2585 1380 2667 inpunitatem
1433 2589 1792 2667 salutemque
1854 2587 2072 2652 civitati
2119 2589 2226 2648 im·

343 2674 633 2724 etravere.

303 2684 341 2743 p
375 2744 561 2803 LXX.
606 2744 846 2808 Caeeina
891 2766 1108 2826 paucos
1149 2747 1209 2806 in
1248 2746 1540 2810 Helvetiis
1580 2757 1835 2810 moratus
1886 2751 2036 2821 dies,
2086 2749 2225 2810 dum

305 2824 601 2884 sententiae
649 2826 874 2886 Vitellii
915 2826 1137 2889 oei-tior
1191 2827 1386 2898 fieret,
1432 2830 1601 2890 simul
1641 2832 1939 2891 transitum
1991 2831 2225 2907 Alpium

304 2920 530 2984 parans,
576 2905 775 2967 letum
817 2925 894 2966 ex
942 2906 1107 2967 Italia
1130 2908 1391 2969 nuntium
1436 2911 1669 2989 accipit,
1714 2921 1731 2946 ⁶
1762 2911 1909 2971 alam
1951 2911 2225 2984 Silanam,

328 3162 340 3176 .
364 3114 394 3149 u
429 3098 671 3153 Veterani
710 3102 914 3166 usually
951 3103 1174 3174 signifles
1216 3105 1361 3156 those
1399 3104 1628 3167 soldier-³,
1667 3106 1802 3169 who,
1826 3105 2020 3173 having
2039 3107 2224 3175 servet!

305 3171 493 3215 sixteen
532 3169 844 3234 campaigns,
880 3184 1020 3220 were
1064 3177 1275 3234 exempt
1308 3171 1438 3221 from
1488 3171 1558 3220 all
1599 3173 1828 3236 military
1866 3171 1996 3236 duty
2034 3180 2223 3240 except

303 3228 518 3345 figpting.
586 3233 643 3284 ln
679 3235 778 3285 this
801 3249 1009 3301 passage
1031 3237 1074 3286 it
1094 3236 1137 3285 is
1173 3251 1510 3301 synonymous
1548 3238 1675 3288 with
1718 3238 1808 3288 the
1844 3237 2057 3304 English
2078 3243 2223 3292 werd

304 3309 361 3345 ve
382 3310 551 3348 omns.

359 3376 392 3411 a
430 3360 700 3415 Vocetium.
765 3367 916 3418 Mem
941 3366 1243 3431 Vae-emessa
1262 3371 1536 3421 mountain
1544 3370 1603 3420 of
1614 3370 1703 3420 the
1725 3368 1982 3433 Helvetii,
2003 3373 2223 3437 thought

304 3432 351 3477 to
369 3427 432 3476 bo
452 3427 541 3477 the
558 3432 798 3495 roughest
820 3439 937 3496 part
957 3434 1015 3482 os
1028 3438 1209 3482 mount
1231 3434 1378 3485 Jura.

357 3494 386 3543 b
416 3494 731 3559 Anemonem,
754 3500 843 3548 the
865 3500 1061 3562 capital
1080 3499 1138 3546 os
1149 3500 1240 3549 the
1262 3500 1497 3552 Helvetii
1516 3517 1532 3561 ς
1565 3501 1632 3567 by
1654 3502 1744 3552 the
1778 3500 2034 3553 Gemens
2052 3499 2221 3550 called

302 3556 612 3628 Wiflisburg,
632 3562 698 3627 by
718 3565 809 3615 the
833 3563 1040 3614 Frenoh
1062 3566 1354 3617 Avenches.
2137 3592 2146 3600 ‘

1193 3632 1309 3690 5*
