2459 4075
318 147 387 192 1.
417 150 474 190 c.
505 134 602 188 68.
842 126 1169 187 HISTOR.
1212 117 1367 204 Lm.
1413 123 1735 186 PRIMUS.
2077 205 2089 214 ἢ
2176 123 2254 217 ᾁῆ

338 276 570 353 garibus
597 274 914 347 conviciis3
959 274 1188 352 quidam
1216 263 1364 333 vera
1382 274 1601 351 probra
1634 273 1867 351 jacere,
1905 273 1970 331 in
2011 275 2262 335 clamore

337 366 543 415 tamen*
568 362 628 413 et
672 357 772 413 ubi
800 355 1068 433 plurimae
1100 369 1311 425 ‘voceS,
1360 362 1455 413 aut
1499 356 1747 413 tumultu
1794 355 2113 413 verborum
2151 356 2262 413 sibi

322 438 445 515 'ipsi
474 440 903 511 obstrepentes,

413 515 742 574 LXXXVI.
788 515 1061 591 Prodigia
1095 517 1340 593 insuper
1365 515 1689 583 terrebant,
1735 513 2263 574 diversisauctori·

332 600 443 656 bus
465 599 716 671 vulgata.
804 606 820 631 ‘
853 597 920 654 In
947 596 1236 654 vestibulo
1264 594 1525 674 capitolii
1554 595 1788 652 omissas
1811 595 2067 654 habenas
2095 595 2267 670 bigoe,

337 686 354 711 ⁴
380 679 472 736 cui
503 677 767 735 Victoria
807 676 1127 734 institerat:
1175 680 1440 754 erupisse
1489 674 1644 733 cella
1688 672 1932 734 Junonis
1987 676 2272 738 ma'orem

337 765 353 791 ‘
378 759 624 815 humana
671 756 968 832 speciem:
1032 763 1276 814 statuam
1319 756 1441 815 divi
1479 753 1623 812 Julii
1662 755 1722 812 in
1753 756 1945 815 insula
1990 754 2071 813 Ti
2153 755 2266 828 rini

336 845 353 873 ‘
387 838 589 908 amniS,
620 835 714 917 (v)
743 856 956 896 sereno
989 844 1048 894 et
1074 837 1293 894 inmoto
1333 837 1452 906 die,
1491 837 1562 893 ab
1598 834 1923 896 Occidente
1950 835 2010 894 in
2048 835 2264 894 Orien-

337 925 352 951 ‘
384 926 504 976 tem
556 936 937 976 conversam:
983 917 1364 993 prolocutum,
1399 917 1459 974 in
1501 915 1732 973 Etruria
1775 918 2022 975 bovem:
2065 915 2265 974 insoli-

337 1003 470 1056 ‘tos
518 997 846 1054 animalium
899 1003 1095 1072 partus
1117 999 1158 1053 ι’
1233 1004 1293 1055 et
1319 998 1511 1073 plura
1551 995 1685 1063 alia,
1745 997 1984 1053 rudibus
2030 996 2263 1055 saeculis

339 1077 516 1134 etiam
540 1075 602 1132 in
628 1093 778 1150 pace
809 1069 1138 1144 observ‘ata,
1167 1093 1302 1151 quae
1329 1084 1484 1132 n'unc
1503 1081 1730 1131 tantum
1755 1075 1813 1132 in
1850 1084 2006 1133 metu
2029 1076 2263 1134 audiun·

341 1164 456 1212 tur.
542 1154 657 1211 Sed
698 1154 1030 1229 praecipuus
1058 1162 1119 1211 et
1144 1174 1278 1212 cum
1324 1152 1604 1230 prae'senti
1657 1154 1836 1211 exitio
1878 1155 2049 1212 etiam
2091 1154 2269 1214 futuri

340 1253 551 1311 pavor,
605 1233 795 1291 subita
824 1234 1216 1293 ‘inundatione
1272 1233 1552 1291 Tiberis-2
1619 1232 1716 1310 qui
1771 1232 2032 1291 inmenso
2075 1239 2260 1304 auctu,

336 1321 584 1394 proruto
606 1320 786 1389 ponte
813 1313 1080 1383 sublicio,
1104 1313 1213 1393 (w)
1244 1315 1318 1372 ac'
1333 1321 1523 1389 strage
1541 1314 1818 1371 obstantis
1834 1313 2006 1371 molis
2025 1313 2273 1390 refusus,

298 1457 303 1460 ,
337 1411 453 1452 non
482 1394 651 1451 modo
679 1393 937 1468 jacentia
958 1400 1017 1451 et
1044 1396 1212 1470 plana
1240 1394 1402 1452 urbis
1429 1395 1578 1464 loca,
1608 1394 1712 1451 sed
1754 1409 1961 1452 secura
1987 1393 2270 1469 ejusmodi
2337 1446 2342 1450 .

337 1493 575 1532 casuum
613 1473 883 1552 inplevit.
966 1472 1138 1551 Rapti
1176 1494 1211 1533 e
1246 1476 1484 1551 publico
1511 1471 1815 1552 '-plerique,
1857 1475 2057 1550 plures
2085 1474 2147 1531 in
2183 1481 2265 1533 ta-

332 1554 534 1611 bernis
583 1561 644 1611 et
685 1553 973 1611 cubilibus
1010 1554 1346 1630 intercepti.
1431 1555 1640 1612 Fames
1687 1555 1747 1612 in
1794 1556 2022 1630 vulguS,
2070 1554 2268 1633 inopia

334 1639 592 1711 quaestus
630 1640 691 1691 et
723 1634 983 1710 penuria·
1008 1631 1437 1693 alimentorum.
1533 1634 1840 1711 conrupta
1881 1636 2267 1712 stagnantibus

330 1713 496 1790 *aquis
544 1714 855 1771 insularum
892 1711 990 1804 (x)
1034 1712 1429 1784 fundamenta,
1447 1713 1615 1783 dein,
1656 1723 1956 1773 remeante
2006 1714 2264 1782 flumine.

336 1794 574 1870 dilapsa.
659 1792 856 1870 thue
885 1795 1134 1870 primum
1172 1807 1390 1855 vacuus
1419 1814 1454 1852 a
1492 1795 1765 1871 'periculo
1794 1795 2013 1853 animus
2035 1794 2179 1865 stit,
2207 1792 2269 1852 id

332 1874 548 1949 ipsum,
581 1872 737 1949 quod
764 1874 991 1950 paranti
1019 1873 1457 1952 expeditionem
1483 1874 1727 1945 Othoni,
1749 1893 1983 1951 campus
2013 1875 2260 1933 Martius

241 2021 249 2029 ‚
320 1962 398 2012 ‘et
425 1953 522 2010 via
549 1953 851 2023 Flaminia,
878 1953 996 2011 iter
1017 1954 1166 2010 belli
1203 1961 1364 2011 esset
1410 1954 1767 2012 obstructum
1815 1975 1850 2011 a
1875 1954 2123 2011 fortuitis
2172 1954 2272 2011 vel

256 2056 271 2067 2
336 2031 691 2092 naturalibus
720 2033 961 2103 caussis,
984 2033 1043 2089 in
1064 2032 1392 2110 prodigium
1419 2041 1679 2105 est-omen
1717 2032 2113 2092 inminentium
2155 2033 2268 2091 cla·

332 2113 496 2171 dium
519 2113 883 2170 vertebatur.
1474 2113 1481 2119 ”
2225 2128 2232 2131 ‘

419 2190 782 2249 LXXXVII.
826 2189 1012 2260 Otho,
1048 2191 1289 2248 lustrata
1329 2191 1499 2260 urb‘e,
1542 2199 1602 2249 et
1646 2192 1919 2268 expensis
1943 2194 2096 2252 belli
2131 2212 2280 2272 con2

337 2270 505 2343 siliis,
534 2271 759 2349 quando
789 2268 1028 2329 Peninae
1065 2267 1395 2347 Cottiaeque
1424 2271 1605 2348 Alpes
1634 2278 1696 2330 et
1722 2272 1910 2331 ceteri
1943 2271 2271 2331 Galliarum

339 2351 521 2410 aditus
569 2348 898 2409 Vitellianis
943 2348 1299 2410 exercitibus
1345 2351 1794 2422 claudebantur,‘
1826 2350 2271 2410 Narbonensem

332 2430 586 2489 Galliam
603 2429 839 2506 adgredi
865 2430 1057 2489 statuit
1080 2453 1098 2502 3
1142 2432 1329 2490 classe
1357 2431 1549 2489 valida
1575 2440 1635 2489 et
1667 2432 1926 2510 partibus
1949 2431 2083 2503 fida,
2115 2430 2268 2509 quod

322 2510 599 2587 ‘reliquos
621 2511 1001 2568 caesorum-ad
1029 2514 1269 2585 pontem
1306 2509 1597 2579 Milvium‚
1634 2513 1939 2575 etsaevitia
1963 2512 2172 2570 Galb'ae
2211 2514 2271 2570 in

335 2590 653 2649 custodiam
680 2588 929 2659 habitos,
958 2588 1017 2645 in
1049 2602 1323 2646 numeros
1349 2588 1597 2663 legionis
1620 2598 2027 2671 composuerat
2053 2614 2069 2665 ;
2113 2588 2265 2650 facta

326 2678 397 2745 ‚et
425 2670 642 2729 ceteris
680 2688 787 2746 spe
828 2668 1221 2726 honoratioris
1253 2667 1314 2726 in
1362 2667 1663 2745 posterum
1706 2670 1948 2730 militiae.
2033 2670 2266 2732 Addidit

337 2751 508 2809 classi
531 2751 779 2825 urbanas
818 2750 1094 2815 cohortes
1125 2757 1185 2808 et
1224 2751 1545 2826 plerosque
1589 2769 1623 2808 e
1671 2746 2067 2823 PraetorianiS,
2104 2752 2286 2810 vires

326 2837 403 2888 'et
433 2832 613 2889 robur
655 2830 969 2898 exercitus,
1007 2835 1176 2907 atque
1219 2827 1362 2905 ipsis
1406 2830 1665 2888 Ducibus
1693 2832 1993 2891 consilium
2031 2839 2091 2891 et
2132 2846 2261 2890 cus·

339 2911 529 2969 todes.
615 2908 847 2967 Summa
867 2906 1253 2985 expeditionis
1274 2909 1531 2968 'Antonio
1569 2908 1848 2982 Novello,
1883 2911 2096 2970 Suedio
2124 2911 2263 2977 Gle-

343 2990 546 3061 menti,
582 2989 1060 3067 primipilaribus,
1113 2990 1357 3051 AEmilio
1396 2986 1663 3069 Pacensi,
1717 2992 1810 3048 eui
1867 2992 2194 3067 ademptum
2229 3010 2266 3049 a

326 3070 529 3129 'Galba
571 3070 956 3130 Tribunatum
989 3069 1341 3136 reddiderat,
1385 3068 1688 3146 permissa.
1789 3069 2003 3128 Curam
2034 3072 2265 3130 navium

341 3149 530 3208 Oscus
546 3150 795 3208 libertus
818 3150 1127 3220 retinebat,
1147 3149 1215 3207 ad
1244 3148 1661 3208 observandam
1682 3148 2071 3209 honestiorum
2094 3150 2270 3210 fidem

341 3229 661 3289 comitatus.
747 3230 1012 3290 Peditum
1053 3229 1426 3311 equitumque
1470 3228 1656 3307 copiis
1700 3230 2006 3301 Suetonius
2049 3232 2260 3293 Paulli·
2369 3222 2388 3241 ⁸

407 3402 438 3439 υ
472 3386 586 3436 The
601 3386 696 3436 isle
717 3388 767 3439 in
787 3390 876 3437 the
898 3388 1074 3447 Tiber‚
1088 3402 1204 3437 now
1225 3389 1389 3438 called
1405 3389 1533 3441 Insula
1552 3391 1607 3440 ds·
1627 3389 1701 3441 St.
1722 3388 2046 3440 Bartolemeo.

318 3450 330 3466 '
408 3471 453 3504 w
490 3453 605 3501 The
647 3453 901 3502 Sublician
939 3453 1142 3517 Bridge,
1179 3469 1233 3502 so
1267 3455 1445 3513 called,
1473 3455 1688 3505 because
1730 3454 1865 3502 built
1895 3454 1954 3501 os
1984 3453 2145 3500 wood.
2173 3453 2261 3521 ..A

342 3496 631 3570 foundation
653 3520 712 3568 of
721 3519 848 3570 solid
868 3519 1061 3568 marble
1096 3533 1203 3566 was
1225 3517 1515 3574 afterwards
1546 3520 1665 3579 laid,
1684 3520 1782 3568 but
1807 3517 2014 3578 nothing
2048 3519 2263 3565 remmus

342 3591 397 3636 st
408 3591 611 3649 present
630 3592 812 3651 except
825 3584 913 3638 the
927 3585 1080 3633 ruins.
1579 3604 1582 3609 ·
2090 3633 2101 3643 ,

338 3652 782 3769 ‘baguam-um,
812 3652 986 3703 bloeks
1022 3650 1080 3702 os
1105 3646 1377 3719 buildings,
1425 3645 1736 3702 surrounded
1770 3658 1835 3690 on
1876 3652 2029 3706 every
2065 3630 2169 3682 nde
2200 3630 2272 3686 by
