2459 4075
276 129 331 171 s.
361 133 420 171 c.
451 115 551 172 69.
594 57 602 62 ·
732 107 1058 170 HISTOR.
1103 107 1259 167 LIB.
1302 107 1749 169 SECUNDUS.
2131 109 2206 162 93

280 258 578 318 exercitus
604 259 815 326 studio,
842 247 1185 332 transgressi
1206 256 1267 314 in
1293 263 1510 332 partes.
1594 253 1802 313 Tertia
1826 253 1979 331 legio
2008 269 2206 312 exem·

286 340 443 414 plum
487 339 701 397 ceteris
735 338 961 396 Moesiae
1000 337 1323 411 legionibus
1360 335 1631 414 praebuit.
1714 335 1934 393 Octava
1975 339 2101 389 erat
2146 349 2212 391 ac

281 418 526 494 septima
558 418 893 492 Claudiana,
922 418 1139 476 inbutae
1167 415 1371 475 favore
1408 416 1678 486 Othonis,
1702 418 1962 495 quamvis
2005 411 2209 488 praelio
2274 470 2295 484 ,

279 515 390 555 non
423 496 840 560 interfuissent.
940 497 1265 573 Aquileiam
1303 514 1657 574 progressas,
1701 493 2078 574 proturbatiS,
2113 490 2214 567 qui

280 577 352 634 de
374 577 633 647 Othone,
661 578 1016 647 nuntiabant,
1043 578 1432 654 laceratisque
1464 576 1716 653 vexillis,
1739 594 1954 636 nomen
1982 581 1997 606 ‘
2025 571 2213 631 Vitel-

279 657 360 713 lii’
390 658 863 733 praeferentibuS,
891 662 1054 732 rapta
1074 665 1369 733 postremo
1392 657 1638 734 pecunia
1660 663 1718 715 et
1739 656 1895 714 inter
1913 674 1977 713 se
2002 651 2212 723 divisa,

157 759 170 767 ⁴
280 738 573 796 hostiliter
619 745 880 813 egerant.
973 736 1142 793 Unde
1181 745 1389 808 metus„
1434 745 1496 795 et
1542 756 1618 795 ex
1663 743 1822 796 metu
1868 733 2209 795 consilium:

283 824 488 893 ‘posse
517 819 768 893 inputari
799 817 1179 892 VespasianO,
1210 836 1340 893 quae
1369 817 1518 893 apud
1554 817 1860 876 Vitellium
1889 812 2216 874 excusanda

282 904 299 929 ⁵
321 898 528 956 erant.’
557 898 650 977 (h)
732 899 818 955 Ita
838 912 959 954 tres
981 895 1246 954 Moesicae
1269 898 1529 972 legiones
1551 916 1661 973 per
1681 897 1954 974 epistolas
1976 894 2213 955 adlicie-

279 976 415 1035 bant
438 978 828 1035 Pannonicum
849 976 1195 1046 exercitum,
1215 983 1312 1033 aut
1339 976 1609 1032 abnuenti
1637 975 1754 1036 vim
1775 980 2071 1052 parabant.
2145 974 2214 1034 ln

279 1074 356 1113 eo
383 1064 543 1115 motu
564 1056 822 1131 Aponius
852 1056 1204 1123 Saturninae,
1227 1054 1457 1112 Moesiae
1487 1060 1704 1125 rector,
1733 1057 2043 1130 pessimum
2073 1052 2211 1113 saci-

281 1135 417 1192 inus
476 1135 669 1208 audet,
713 1136 886 1191 misso
930 1133 1309 1191 Centurione-
1335 1133 1404 1189 ad
1439 1132 1905 1192 interficiendum
1946 1136 2216 1193 Tertium

278 1213 319 1269 J
327 1214 597 1284 ulianum,
626 1212 889 1289 septimas
930 1212 1171 1287 legionis
1207 1214 1506 1287 Legatum,
1537 1213 1611 1268 ob
1639 1211 1976 1282 simultates,
2007 1214 2214 1290 quibus

282 1313 543 1352 caussam
573 1293 821 1371 partium
852 1293 1279 1368 praetendebat.
1360 1292 1642 1362 Julianus,
1671 1299 1976 1369 comperto
2011 1292 2214 1349 discri-

282 1374 463 1445 mine,
499 1382 559 1433 et
603 1374 796 1449 gnaris
837 1374 1099 1431 locorum
1138 1371 1392 1442 adscitiS,
1435 1392 1548 1448 per
1592 1371 1720 1432 avia
1765 1371 2016 1443 Moesiae,
2063 1372 2219 1431 ultra

283 1460 541 1512 montem
564 1453 832 1512 Haemum
861 1452 1152 1529 profugit:
1196 1473 1310 1512 nec
1336 1453 1547 1512 deinde
1570 1452 1728 1512 civili
1751 1454 1908 1512 bello
1931 1452 2215 1524 interfuit,

283 1552 401 1608 per
439 1536 627 1593 varias
668 1553 857 1592 moras
896 1541 1230 1610 susceptum
1259 1533 1330 1592 ad
1356 1533 1776 1611 Vespasianum
1810 1534 1937 1593 iter'
1952 1535 2212 1605 trahens,

286 1620 347 1670 et
369 1632 442 1671 ex
470 1615 682 1673 nuntiis
704 1615 1157 1684 cunctabundus,
1181 1621 1279 1672 aut
1305 1633 1649 1691 properans·

364 1692 691 1751 LXXXVI.
739 1696 812 1751 At
833 1694 892 1750 in
915 1692 1207 1752 Pannonia
1235 1694 1633 1753 tertiadecima
1670 1694 1848 1770 legi0,
1872 1714 1935 1752 ac
1968 1696 2216 1772 septima

183 1763 200 1773 ”
283 1769 581 1843 Galbiana,
604 1775 868 1832 dolorem
905 1773 1165 1851 iramque
1195 1773 1602 1832 Bedriacensis
1623 1793 1830 1851 pugnae
1871 1775 2214 1845 retinenteS,

287 1852 439 1910 haud
466 1862 806 1912 cunctanter
831 1853 1194 1929 Vespasiano
1223 1872 1555 1924 accessere,
1599 1854 1658 1912 vi
1692 1855 1995 1931 praecipua
2031 1855 2216 1914 Primi

285 1933 539 1991 Antonii.
626 1934 681 1991 Is
701 1933 924 2007 legibus
946 1952 1164 1990 nocens
1194 1941 1254 1991 et
1299 1940 1566 2008 tempore
1599 1932 1855 1991 Neronis
1893 1934 2019 1993 falsi
2056 1935 2214 1992 dam-

285 2020 468 2083 natus,
502 2012 583 2091 (i)
608 2012 765 2069 inter
791 2010 902 2067 alia
925 2012 1069 2067 belli
1096 2012 1266 2080 mala,
1297 2012 1658 2070 Senatorium
1688 2013 1950 2072 ordinem
1980 2014 2214 2089 recipe—

262 2086 543 2152 ‘raverat.
631 2089 985 2164 Praepositus
1013 2108 1046 2144 a
1080 2089 1266 2145 Galba
1291 2091 1553 2163 septimae
1591 2090 1828 2164 legioni,
1857 2093 2215 2169 scriptitasse

280 2171 506 2229 Othoni
529 2169 903 2235 credebatur,
929 2166 1137 2224 ducem
1165 2185 1230 2223 se
1260 2167 1517 2243 partibus
1547 2168 1800 2226 offerens
1825 2192 1838 2226 :
1885 2190 1918 2227 a
1938 2191 2050 2249 quo
2072 2193 2210 2248 neg-

279 2254 494 2319 lectuS,
518 2248 575 2306 in
598 2247 758 2305 nullo
800 2245 1115 2304 Othoniani
1137 2247 1279 2304 belli
1297 2266 1401 2306 usu
1433 2246 1576 2306 fuit:
1622 2248 1941 2308 labantibus
1984 2251 2213 2311 Vitellii

280 2332 485 2398 rebus,
537 2327 958 2411 Vespasianum
999 2335 1254 2398 secutus,
1299 2328 1515 2404 grande
1558 2336 1913 2388 momentum
1961 2331 2210 2406 addidit3

265 2421 551 2471 ¹strenuus
578 2427 765 2477 manu,
793 2409 1064 2464 sermone
1087 2415 1411 2484 promptuS,
1442 2407 1698 2466 ferendae
1723 2409 1781 2467 in
1810 2410 1951 2469 alios
1979 2410 2213 2470 invidiae

283 2489 515 2559 artifex,
557 2487 861 2546 discordiis
889 2494 969 2545 “et
995 2486 1374 2545 seditionibus
1403 2489 1632 2564 poteriS‚
1683 2496 1905 2566 raptor,
1948 2493 2211 2567 largitor,

285 2586 429 2646 pace
459 2567 767 2646 pessimuS,
796 2567 955 2624 bello
984 2585 1097 2624 non
1120 2568 1505 2642 spernendus,
1589 2568 1624 2622 J
1630 2570 1786 2629 uncti
1813 2571 1948 2630 inde
1981 2571 2213 2632 Moesici

234 2711 242 2717 ‚
280 2668 346 2707 ac
375 2645 688 2707 Pannonici
717 2647 1033 2714 exercituS‚
1067 2647 1447 2706 Dalmaticum
1470 2648 1712 2708 militem
1735 2657 2210 2731 traxere‘quam-

281 2749 452 2805 quam
480 2728 901 2791 Consularibus
943 2726 1171 2802 Legatis
1214 2727 1357 2785 nihil
1406 2730 1786 2789 turbantibus·
1871 2733 2043 2792 Titus
2071 2736 2209 2794 Am-

282 2809 410 2884 pius
453 2807 756 2867 Flavianus
807 2806 1177 2876 Pannoniam,
1227 2806 1521 2885 Poppaeus
1565 2809 1825 2870 Silvanus
1870 2811 2214 2873 Dalmatiam

281 2890 577 2958 tenebant,
618 2887 840 2944 divites.
868 2905 1059 2944 senes.
1147 2886 1264 2944 Sed
1287 2886 1639 2947 Procurator
1666 2891 1863 2949 aderat
1899 2892 2212 2954 Cornelius

281 2967 524 3036 Fuscus,
552 2967 752 3042 vigens
782 2971 973 3034 aetate,
992 2965 1164 3023 claris
1194 2968 1472 3025 natalibus
1496 2990 1510 3024 ε
1556 2971 1743 3043 prima
1759 2958 2026 3046 juventa,
2046 2976 2210 3048 quie·

279 3046 350 3104 tis
369 3046 664 3123 cupidine,
696 3043 1060 3103 Senatorium
1089 3045 1353 3103 ordinem
1380 3055 1660 3105 exuerat:
1705 3048 1860 3107 idem
1888 3070 1998 3127 pro
2025 3051 2214 3114 Galba

282 3125 400 3183 dux
447 3126 692 3185 coloniae
742 3143 887 3191 suae,
952 3141 1139 3200 eaque
1187 3143 1371 3201 opera
1418 3124 1896 3188 Procurationem
1942 3130 2208 3209 adeptus,

280 3207 565 3284 susceptis
597 3202 939 3282 Vespasiani
956 3204 1248 3281 partibus,
1278 3204 1620 3265 acerrimam
1645 3208 1804 3267 bello
1826 3208 2011 3270 fa‘cem
2051 3232 2205 3290 prae-

350 3423 386 3472 h
420 3421 572 3472 Posse
593 3424 1058 3488 imputari-erant.
1126 3422 1388 3485 Required
1420 3443 1451 3475 a
1485 3428 1676 3491 pai-don
1696 3427 1823 3479 from
1844 3428 2094 3491 Vitellius,
2113 3432 2209 3484 but

284 3487 410 3536 with
427 3487 698 3550 Vespasian
718 3491 859 3538 stood
879 3489 931 3537 in
952 3491 1038 3538 the
1058 3488 1189 3552 light
1209 3490 1270 3539 of
1281 3506 1313 3538 a
1332 3494 1437 3542 real
1457 3495 1624 3546 merit.

344 3557 366 3603 i
401 3552 600 3602 Primus
623 3555 878 3614 Antonius,
898 3570 1013 3605 now
1028 3555 1115 3603 the
1138 3555 1312 3606 leader
1330 3558 1391 3608 of
1413 3559 1721 3624 Vespasian’s
1737 3560 1934 3620 armies,
1954 3560 2056 3609 had
2074 3559 2204 3611 been

284 3615 520 3703 formerly
540 3619 800 3672 convicted
820 3620 878 3672 of
890 3620 1157 3673 extortion.
1224 3623 1322 3673 See
1344 3626 1532 3677 Annals
1548 3626 1653 3678 xiv.
1675 3641 1714 3675 s.
1740 3628 1817 3676 18.

1217 3693 1293 3747 lo
