2459 4075
123 137 131 148 2
233 114 313 175 40
606 103 635 132 ·
828 105 902 169 ο.
946 104 1190 169 coRN.
1237 107 1587 170 TA01T1.-
1736 127 1973 170 A.11.c.
2006 60 2200 184 δεῖ»

231 259 451 329 molita,
497 258 672 318 totius
700 258 906 335 ‘postea
950 254 1197 316 civitatis
1244 257 1483 332 gratiam
1529 253 1797 326 obtinuit,
1846 256 2159 318 Consulaii

224 338 585 399 matrimonio
610 338 873 408 subnixa,
922 344 982 397 et
1008 337 1158 414 apud
1204 337 1470 408 Galbam,
1498 335 1813 406 Othonem,
1843 336 2151 399 Vitellium

226 420 458 481 inlaesa:
504 438 637 477 mox
666 425 872 496 potens
900 416 1151 493 pecunia
1175 425 1240 476 et
1279 417 1548 487 orbitate,
1593 435 1721 493 quae
1762 417 1928 475 bonis
1954 418 2148 479 malis-

230 519 345 578 que
368 501 726 575 temporibus
746 498 917 574 juxta
940 497 1156 556 valent.

311 578 581 637 LXXIV.
628 578 875 638 Crebrae
923 576 1179 647 interim,
1229 584 1291 635 et
1328 575 1709 635 muliebribus
1750 576 2160 640 blandimentis

225 656 485 728 infectae,
515 661 587 717 ab
614 658 850 717 Othone
878 657 948 714 ad
996 654 1299 715 Vitellium
1328 657 1615 733 epistolae‚
1658 655 1984 716 offerebant
2010 667 2026 693 ‘
2050 679 2160 738 pe-

231 744 249 771 ⁸
269 740 496 797 cuniam
540 748 599 799 et
623 740 861 815 gratiam
893 744 955 796 et
1001 754 1427 813 quemcumque
1466 736 1677 812 quietis
1721 736 1913 795 locum
1956 740 2152 815 prodi·

231 824 252 852 ‘·
277 838 364 893 gae
394 819 530 877 vitae
555 819 835 895 legissetss
919 816 1092 874 Paria
1117 815 1391 875 Vitelli'us
1420 818 1761 886 ostentabat,
1789 817 1982 892 primo
2008 820 2156 877 mol-

226 895 360 968 lius„
403 901 577 957 stulta
613 899 907 976 utrimque
949 904 1012 955 et
1043 896 1323 956 indecora
1361 894 1756 956 simulatione:
1802 915 1960 967 mox,
1991 900 2154 977 quasi

229 976 505 1049 rixantes,
528 985 728 1057 stupra
755 985 815 1037 et
860 977 1070 1053 flagitia
1100 976 1354 1057 invicem
1390 974 1791 1051 objectavere,
1812 984 2025 1037 neuter
2050 976 2152 1037 sal-

228 1072 315 1114 so.
398 1059 580 1130 Otho,
609 1059 920 1129 revocatis,
974 1075 1122 1135 quos
1168 1056 1356 1115 Galba
1401 1054 1658 1125 miserat,
1686 1055 1908 1131 legatis,
1952 1075 2154 1119 rursus

225 1136 368 1196 alios
397 1140 468 1197 ad
493 1147 805 1217 utrumque
846 1138 1262 1196 Germanicum
1290 1133 1613 1194 exercitum
1657 1142 1719 1194 et
1758 1134 1826 1193 ad
1861 1137 2152 1212 legionem

225 1215 485 1278 Italicam
511 1238 750 1297 easque,
774 1217 1189 1296 quae‘Lugduni
1217 1216 1480 1294 agebant,
1510 1216 1728 1293 copias,
1756 1217 1958 1291 specie
1985 1238 2151 1278 sena-

223 1302 315 1355 tus
355 1300 528 1359 misit.
629 1298 829 1374 Legati
871 1295 1022 1374 apud
1050 1296 1364 1355 ‘Vitellium
1410 1311 1768 1365 remansere,
1802 1298 2155 1374 promptius,

224 1396 395 1453 quam
435 1386 501 1436 ut
540 1378 754 1438 retenti
782 1377 1144 1435 viderentur.
1191 1374 1559 1444 Praetoriani,
1598 1393 1764 1451 quos,
1794 1393 1904 1452 per
1920 1377 2152 1437 simula-

220 1456 438 1515 tionem
482 1456 678 1524 officii,
704 1456 906 1531 legatis
950 1455 1108 1514 Otho
1151 1455 1511 1532 adjunxerat,-
1555 1454 1804 1524 remissi,
1845 1464 2153 1535 antequam

223 1535 548 1611 legionibus
570 1536 978 1594 miscerentur.
1063 1535 1237 1594 Addit
1258 1534 1529 1612 epistolas
1552 1534 1762 1593 Fabius
1791 1533 2028 1607 Valens,
2050 1557 2152 1597 no-

218 1614 375 1674 mine
401 1616 735 1675 Germanici
763 1615 1081 1684 exercitus,
1112 1615 1183 1672 ad
1234 1613 1543 1673 Praetorias
1571 1620 1632 1672 et
1656 1615 1901 1673 urbanas
1929 1618 2147 1676 cohor-

218 1701 330 1765 tes,
348 1696 425 1755 de
439 1696 661 1755 viribus
688 1696 937 1773 partium
973 1694 1300 1770 magnificas
1322 1700 1383 1753 et
1407 1694 1780 1753 concordiam
1805 1695 2144 1758 offerentes.

221 1772 572 1853 Increpabat
597 1776 774 1864 ultro,
805 1783 820 1809 ‘
853 1776 1008 1853 quod
1035 1781 1190 1834 tanto
1217 1782 1350 1836 ante
1392 1773 1664 1833 traditum
1690 1770 1933 1834 Vitellio
1960 1776 2156 1900 im*

223 1858 240 1885 ‘
259 1853 410 1914 rium
428 1855 498 1913 ad
518 1854 811 1914 Othonem
826 1855 1184 1914 vertissent.’

307 1933 550 1995 LXXV.
597 1935 683 1993 Ita
724 1935 1022 2014 promissis
1063 1934 1234 1993 simul
1280 1951 1346 1994 ac
1385 1934 1555 1994 minis
1596 1934 2001 2009 tentabantur3
2048 1944 2064 1971 ‘
2085 1944 2149 1997 ut

223 2017 423 2078 ‘bello
449 2017 724 2094 impares,
753 2017 812 2075 in
832 2016 963 2094 paci
990 2014 1134 2079 nihil
1157 2014 1422 2075 amissuri
1446 2016 1486 2074 ε’
1527 2031 1725 2093 neque
1758 2014 1893 2075 ideo
1922 2015 2146 2096 Braeto-

219 2097 510 2157 rianorum
547 2096 692 2156 fides
711 2105 942 2157 mutata.
1024 2096 1143 2155 Sed
1162 2096 1524 2155 insidiatores
1565 2096 1635 2155 ab
1656 2093 1890 2155 Othone
1910 2096 1971 2155 in
1991 2097 2146 2157 Ger·

219 2178 491 2251 maniam,
531 2197 566 2236 a
590 2176 833 2237 Vitellio
859 2178 919 2236 in
964 2178 1174 2236 urbem
1213 2177 1408 2235 missi:
1448 2176 1713 2252 utrisque
1739 2172 1956 2235 frustra
1995 2176 2142 2237 suit:

218 2257 555 2319 Vitellianis
574 2258 811 2335 inpune,
848 2275 962 2334 per
984 2263 1195 2314 tantam
1222 2256 1518 2314 hominum
1546 2255 1991 2327 multitudinem,
2017 2275 2142 2316 mu-

210 2344 316 2397 ›tua
330 2338 650 2414 ignorantia
668 2335 998 2395 fallentibus
1022 2357 1036 2392 z
1081 2334 1420 2404 Othoniani,
1439 2335 1697 2394 novitate
1718 2337 1932 2407 vultus,
1959 2337 2143 2396 omni,

198 2418 324 2475 'bus
342 2417 594 2475 invicem
619 2415 855 2490 ignaris,
883 2412 982 2494 (J')
1011 2413 1425 2491 prodebantur.
1514 2414 1790 2475 Vitellius
1808 2415 2030 2475 litteras
2072 2416 2143 2475 ad

218 2496 536 2565 Titianum,
562 2492 805 2553 fratrem
847 2493 1116 2565 Othonis,
1149 2495 1496 2571 composuit,
1525 2502 1543 2530 ⁴
1574 2494 1814 2553 exitium
1841 2495 1953 2572 ipsi
1990 2495 2140 2556 filio·-

220 2583 238 2610 ‘
262 2594 379 2652 que
406 2574 578 2651 ejus,’
628 2574 918 2644 minitans,
966 2582 983 2608 ‘
1013 2573 1074 2631 ni
1128 2575 1448 2634 incolumes
1490 2572 1599 2633 sibi
1641 2581 1829 2637 mater
1874 2594 1940 2634 ac
1967 2575 2144 2635 liberi

217 2663 235 2690 ⁶
264 2654 686 2713 servarentur.’
771 2653 848 2712 Et
899 2653 1058 2713 stetit
1119 2653 1324 2713 domus
1385 2661 1629 2731 utraque
1657 2677 1670 2712 ι
1717 2655 1826 2712 sub
1878 2654 2138 2727 Othone,
2199 2700 2206 2716 .

215 2734 503 2813 incertum
550 2753 621 2792 an
673 2740 868 2792 metu:
941 2729 1215 2797 Vitellius
1268 2733 1460 2794 victor
1518 2734 1843 2793 clementiae
1894 2734 2139 2810 gloriam

214 2813 366 2873 tulit.

291 2892 566 2953 Lxxvl.
611 2893 839 2953 Primus
861 2894 1079 2953 Othoni
1100 2891 1367 2953 fiduciam
1394 2892 1606 2955 addidit
1627 2913 1702 2954 ex
1730 2895 1803 2953 Ill
1846 2894 1973 2954 rico
1988 2913 2134 2954 nun·

207 2969 346 3044 tius,
370 2973 630 3051 ‘jurasse
658 2974 718 3032 in
742 2994 878 3034 eum
906 2973 1207 3033 Dalmatiae
1250 2994 1316 3034 ac
1359 2972 1667 3034 Pannoniae
1712 2985 1775 3036 et
1868 2975 2027 3034 oesiae
2049 2976 2135 3033 le-

214 3061 232 3086 ‘
259 3053 504 3129 giones.'
590 3055 749 3113 ldem
805 3075 879 3115 ex
921 3055 1206 3132 Hispania
1249 3055 1493 3114 adlatum
1513 3072 1540 3112 τ
1583 3057 1961 3133 laudatusque
2020 3071 2135 3133 per

179 3131 464 3192 ‘edictum
491 3135 735 3197 Cluvius
765 3135 949 3194 Rufus
975 3158 990 3193 ε
1036 3143 1097 3194 et
1120 3134 1309 3195 statim
1336 3133 1623 3210 cognitum
1653 3143 1763 3207 est,
1791 3153 2138 3194 conversam

204 3211 279 3272 ‘ad
300 3212 604 3273 Vitellium
623 3215 979 3292 Hispaniam.
1032 3242 1041 3247 Ἦ
1062 3214 1158 3274 Ne
1176 3215 1481 3292 Aquitania
1506 3215 1760 3293 quidem,
1791 3233 2137 3293 quamquam

208 3313 246 3351 a
267 3291 426 3351 Julio
454 3293 654 3352 Cordo
681 3294 740 3352 in
767 3295 950 3353 verba
976 3294 1223 3353 Othonis
1252 3294 1548 3365 obstricta,
1580 3295 1678 3354 diu
1706 3295 1949 3354 mansit:
1995 3312 2132 3354 nus-

210 3391 384 3452 quam
418 3372 564 3433 fides
592 3382 688 3432 aut
719 3392 922 3456 am2r3
966 3382 1125 3433 metu
1141 3393 1207 3434 ac
1254 3375 1599 3434 necessitate
1626 3376 1741 3435 huc
1769 3375 1909 3434 illuc
1946 3382 2128 3434 muta·

207 3554 574 3672 bul->Sym
612 3550 825 3607 invicem
854 3559 1069 3623 ignaris,
1092 3554 1299 3608 neither
1319 3558 1563 3624 knowing
1602 3570 1702 3621 any
1724 3571 1840 3623 one,
1874 3570 1936 3608 οι·
1971 3555 2151 3619 being.

2105 4042 2112 4045 ,
2139 4030 2226 4045 Ἧι
2267 4032 2326 4045 ..-
2341 4008 2437 4046 „A
