2459 4075
259 176 529 231 mum.
634 131 655 232 f
732 167 1061 230 ffls'ron.
1106 168 1259 230 me,
1304 159 1709 240 QUARTUS.
2063 178 2174 231 187

342 317 497 376 LXI.
541 315 771 386 Civilis,
797 317 1049 376 barbaro
1075 301 1236 385 voto,
1268 315 1377 396 (q)
1386 324 1518 393 post
1541 324 1734 394 coepta
1759 316 2036 376 adversus
2055 318 2175 376 Ro-

264 415 460 458 manos
488 399 697 466 arma,-
728 414 1058 472 propexum
1085 396 1507 473 rutilatumque
1539 399 1785 466 crinem,
1813 403 2056 473 patrata
2075 398 2190 455 de·-

269 497 425 540 mum
442 478 608 536 caede
628 477 942 552 legionum
968 477 1256 569 deposuit.
1340 477 1749 547 Etstaerebatur,
1779 479 2026 553 parvulo
2055 478 2181 537 filio

269 559 543 634 quosdam
563 553 947 633 captivorum,
968 557 1180 634 sagittis
1193 557 1523 635 jaculisque
1552 557 1876 635 puerilibus
1897 558 2180 633 figendos,

270 637 569 696 obtulisse.
651 636 933 696 Ceterum
954 653 1144 716 neque
1164 658 1251 709 se,
1294 657 1485 715 neque
1515 656 1858 714 quemquam
1880 638 2183 710 Batavum,

267 718 328 775 in
360 719 544 776 verba
567 718 884 778 Galliarum
906 717 1133 793 adegit·
1177 718 1316 777 fisus
1331 718 1792 777 Germanorum
1807 718 2056 796 opibus:
2104 725 2185 790 et,

270 798 319 854 si
341 798 680 858 certandum
707 798 985 855 adversus
1021 798 1220 856 Gallos
1256 798 1346 858 de
1367 799 1734 875 possessione
1774 817 1972 856 rerum
2009 798 2185 869 foret,

269 877 499 936 inclitus
526 877 678 936 fama
718 883 784 936 et
828 874 1040 954 potior.
1120 877 1430 936 Mummius
1458 878 1778 969 LupercuS,
1826 879 2072 954 Legatus
2095 878 2185 944 Je-

269 958 478 1032 gionis
502 958 661 1016 inter
685 958 834 1018 dona
859 956 1063 1016 missus
1090 956 1357 1021 Veledae
1441 957 1527 1014 Ea
1547 958 1707 1034 virgo
1733 958 1978 1017 nationis
2004 958 2187 1017 Bruc—

272 1045 417 1096 terae
448 1039 583 1100 late
604 1038 1009 1113 imperitabat.
1044 1043 1264 1098 vetere
1292 1036 1445 1112 apud
1485 1038 1808 1098 Germanos
1834 1057 2023 1108 more,
2069 1051 2190 1115 quo

274 1119 592 1192 plerasque
619 1115 967 1174 feminarum
981 1114 1261 1185 fatidicae,
1275 1122 1358 1184 et,
1385 1125 1728 1191 augescente
1752 1117 2189 1192 superstitione,

279 1198 631 1274 arbitrantur
668 1196 842 1255 Deus.-
929 1194 1217 1272 Tuncque
1245 1159 1518 1254 ’Veledae
1537 1194 1628 1273 (r)
1661 1199 1968 1256 auctoritas
1990 1198 2189 1257 adole-

281 1274 432 1333 vise
409 1283 624 1333 nam‘
650 1294 1003 1356 prosperas
991 1276 1312 1358 Germanis
1341 1294 1440 1334 res
1471 1284 1532 1336 et
1553 1274 1842 1333 excidium
1879 1277 2194 1351 legionum’

278 1356 653 1431 praedixerat.
740 1355 855 1422 Sed
892 1345 1197 1431 Lupercus
1235 1355 1296 1413 in
1338 1355 1551 1415 itinere
1577 1353 1936 1426 interfectus.
1943 1352 1960 1364 '
2020 1355 2195 1416 Pauci

281 1434 704 1496 Centurionum
733 1435 1306 1513 Tribunorumque,
1291 1456 1351 1494 ιιι
1373 1436 1568 1494 Gallia
1575 1435 1777 1511 geniti,
1793 1427 2196 1508 reservantur,

281 1514 485 1591 pignus
526 1515 853 1576 societati&
923 1515 1291 1606 cohortium,
1342 1517 1579 1585 alarum,
1618 1515 1907 1591 legionum
1953 1516 2201 1575 hiberna

279 1587 562 1653 subversa
599 1601 1011 1670 cremataque:
1056 1594 1127 1653 iis
1151 1602 1371 1654 tantum
1410 1596 1654 1666 relictiS,
1696 1597 1837 1672 qua}
1853 1594 2201 1671 Magantiaci

286 1694 352 1734 ac
384 1674 744 1734 Vindonissae
774 1674 882 1733 sita
906 1682 1059 1732 sunt.

290 1793 295 1798 ·
364 1754 550 1812 LXII.
593 1756 774 1831 Legio
813 1754 1205 1814 sextadecima
1243 1773 1374 1816 cum
1420 1725 1648 1814 auxiliis
1681 1757 1861 1816 simul
1914 1755 2123 1816 deditis
2169 1775 2202 1814 a

286 1834 586 1896 Novesio
572 1856 631 1892 ιιι
659 1837 943 1894 coloniam
972 1834 1376 1896 Treverorum
1422 1837 1743 1910 transgredi
1761 1835 2017 1912 jubetur,
2046 1855 2200 1911 prae—

290 1913 449 1976 finita
483 1915 611 1985 die,
654 1915 815 1974 intra
842 1934 1011 1991 quam
1055 1917 1257 1974 castris
1305 1917 1642 1975 excederet.
1727 1916 1987 1974 Medium
2031 1933 2203 1975 omne

291 2001 523 2072 tempus
579 2014 692 2070 per
741 1995 933 2055 varias
976 1993 1183 2053 curas
1205 2014 1423 2071 egere:
1484 1989 1879 2072 ig‘navissimus
1935 1997 2202 2073 quisque,

289 2092 578 2134 caesorum
625 2075 777 2151 apud
819 2074 1040 2132 Vetera
1082 2077 1377 2150 exemplo,
1421 2084 1743 2152 paventes3
1805 2077 2047 2143 melior„
2070 2095 2205 2151 pars
2305 2137 2309 2141 ,

293 2157 511 2212 rubore
549 2162 625 2213 et
650 2153 917 2212 infamia·
903 2198 917 2211 .
964 2155 1199 2230 ‘quale
1237 2154 1377 2211 illud
1419 2157 1575 2214 iter?
1634 2156 1762 2230 quis
1801 2154 1918 2211 dux
1951 2155 2106 2213 viae?
2149 2163 2211 2213 et

297 2242 312 2268 ‘
344 2234 537 2291 omnia
565 2235 623 2292 in
644 2234 883 2291 arbitrio
913 2250 1138 2305 eorum,
1168 2235 1488 2311 quosvitae
1525 2237 1802 2310 necisque
1839 2232 2100 2292 dominos
2122 2234 2207 2293 fe·-

298 2323 316 2349 ‘
346 2314 582 2372 cissent.
590 2314 606 2340 ⁹
690 2314 828 2383 Alii‚·
857 2315 1010 2371 nulla
1030 2313 1338 2377 dedecoris
1364 2324 1526 2385 cura„
1547 2314 1874 2392 pecuniam,
1901 2323 1998 2372 aut
2032 2316 2209 2373 caris·

298 2394 444 2453 sima
463 2394 804 2470 sibimetipsi
834 2395 1228 2463 circumdare..
1311 2396 1554 2466 Quidam
1591 2393 1875 2470 expedire
1913 2413 2093 2463 arma,
2123 2403 2211 2452 te·

297 2475 485 2550 lisque
514 2482 796 2554 tamquam
832 2475 892 2532 in
918 2475 1102 2535 aciem
1131 2473 1385 2551 accingi.
1471 2475 1622 2535 Haec
1657 2474 2085 2544 meditantibus„
2115 2474 2213 2532 ad·

301 2556 466 2615 venit
498 2550 906 2631 proficiscendi
950 2555 1115 2625 hora,
1179 2555 1615 2633 exspectatione
1643 2554 1897 2613 tristior.
1978 2556 2213 2646 Quippe

299 2635 469 2693 intra.
478 2636 691 2693 vallum
717 2634 1050 2696 deformitas
1079 2635 1246 2692 haud
1249 2635 1511 2717 perinde
1540 2635 1842 2695 notabilis}
1886 2633 2149 2693 detexit
2134 2656 2216 2712 lg·

300 2715 612 2772 nominiam
663 2732 898 2790 campus
942 2723 1013 2777 et
1047 2715 1193 2775 dies.
1282 2715 1559 2779 Revulsae
1603 2716 2032 2793 ‘Imperatorum
2078 2716 2217 2774 ima-

300 2795 486 2870 gine5‚
534 2794 816 2853 inhonora
841 2794 1019 2870 signa,
1052 2794 1137 2876 (s)
1185 2795 1533 2872 fulgentibus
1575 2795 1711 2855 hinc
1749 2796 1891 2854 inde
1919 2796 2123 2854 G11101
2128 2816 2222 2855 um

304 2875 573 2933 vexillis·
619 2874 829 2933 silens
814 2895 1049 2949 agmen,
1072 2883 1133 2934 et
1148 2878 1312 2935 velut
1330 2879 1519 2952 longae
1538 2877 1871 2953 exsequiae':
1917 2877 2031 2934 dux
2048 2876 2224 2935 Clau

306 2953 435 3012 dius
480 2957 738 3024 Sanc-‚tus
783 2958 996 3015 effosso
1034 2957 1245 3027 oculo:
1308 2957 1469 3031 dirus
1509 2976 1637 3026 ore,
1682 2956 1910 3030 ingenio
1949 2955 2218 3014 debilior.

288 3034 657 3110 ‘Duplicatur
688 3035 987 3110 flagitium.
1030 3042 1354 3110 postquam,
1397 3036 1644 3093 desertis
1670 3034 2071 3093 Bonnensibus
2099 3053 2221 3093 cas·

300 3118 431 3186 trie,
469 3118 663 3189 altera*
691 3135 756 3173 se
792 3114 1312 3192 ›legio-miscuerat.
1395 3113 1490 3183 Et,
1527 3116 1761 3190 ,vulgata
1783 3115 2100 3188 *captarum
2137 3117 2223 3174 le·

304 3195 542 3270 gionum
569 3195 738 3266 fama,
784 3193 999 3262 cuncti,
1037 3194 1136 3270 qui
1179 3193 1375 3270 paullo
1412 3202 1542 3253 ante
1581 3194 1969 3252 Romanorum
1991 3213 2225 3258 -nomen
2283 3244 2288 3247 .

306 3392 314 3398 ·
384 3387 417 3434 q
446 3370 678 3423 Bar-baro
699 3381 820 3424 voto.
889 3373 970 3422 To
989 3371 1111 3420 bind
1130 3370 1432 3420 themselves
1448 3370 1520 3433 by
1536 3386 1567 3421 a
1583 3371 1771 3420 solemn
1791 3382 1922 3430 vow‚
1942 3377 2030 3421 not
2050 3376 2103 3421 to
2126 3371 2230 3434 clip

321 3437 458 3486 their
492 3439 605 3487 hair
640 3456 698 3489 or
734 3439 892 3489 beard
919 3437 999 3486 fill
1018 3439 1142 3500 they
1162 3437 1267 3486 had
1305 3436 1670 3500 accomplished
1702 3437 1836 3486 their
1855 3450 2091 3501 revenge‚
2128 3452 2230 3486 was

321 3503 469 3552 usual
489 3519 666 3569 among
685 3505 991 3569 barbariam.
1059 3504 1155 3552 See
1170 3504 1258 3551 the
1271 3517 1497 3551 manners
1519 3504 1575 3551 of
1581 3504 1668 3551 the
1691 3503 1954 3560 Germane,
1974 3520 2014 3551 s.
2030 3505 2110 3553 31.

388 3584 422 3618 r
454 3571 558 3619 For
583 3572 634 3620 V
629 3573 779 3634 electa,
803 3571 901 3620 and
937 3571 1081 3620 other
1097 3568 1361 3633 prophetie
1381 3583 1596 3627 women,
1616 3582 1698 3618 see
1720 3570 1808 3617 the
1829 3581 2056 3617 manners
2077 3568 2136 3617 of
2145 3565 2233 3614 the

321 3635 880 3776 Girffaffihaeffl
945 3703 1044 3753 see
1066 3701 1250 3757 Annals
1268 3698 1305 3752 i.
1322 3700 1405 3751 24.
1546 3706 1552 3716 ¹
