2459 4075
1182 21 1217 40 Ι
1275 21 1332 34 ...ιι-

307 165 364 238 J.
397 147 457 206 c.
487 153 586 206 67.
828 144 1154 204 HISTOR.
1197 145 1352 204 LIB.
1397 141 1718 200 PRIMUS.
2153 150 2214 200 Π

308 289 549 347 modum
577 292 800 349 locutus
822 289 1045 348 fertur:
1092 298 1108 322 ⁴
1140 289 1199 346 Si
1222 297 1281 346 te
1304 288 1562 369 prix-*atus
1585 288 1728 377 lege‘
1738 283 1956 373 curiata
1976 283 2054 362 (l)
2081 289 2231 362 apud

316 375 339 400 ⁴
375 367 700 439 Pontifices,
722 377 787 427 ut
803 370 980 427 moris
1010 377 1119 437 est,
1139 368 1498 444 adoptarem,
1516 365 1732 425 etmihi
1762 382 2057 440 egregium
2085 372 2230 434 erat,

318 453 339 478 ‘
372 446 478 505 Cn.
516 448 778 525 Pompeii
822 457 881 507 et
917 448 999 504 M.
1035 448 1246 505 Crassi
1276 447 1541 503 subolem
1568 447 1625 502 in
1665 441 1913 501 Penates
1955 460 2116 500 meos
2139 443 2234 499 ad-

218 561 229 568 ·
315 531 338 556 ‘
368 526 645 596 sciscere,
680 536 741 586 et
767 529 870 585 tibi
899 528 1141 601 insigne,
1182 526 1458 601 Sulpicia-2
1505 545 1569 583 ac
1598 522 1843 580 Lutatiae
1883 518 1999 600 (m)
2025 520 2242 578 decora

315 609 335 634 ‘
361 606 642 664 nobilitati
663 614 777 665 tuae
808 607 1109 683 adjecisse.
1193 607 1368 663 Nunc
1396 625 1513 674 me,
1533 605 1793 660 Deorum
1823 601 2238 675 hominumque

246 717 265 729 -
316 687 335 713 ‘
367 703 653 742 consensu
681 686 751 742 ad
787 687 1105 763 Imperium
1146 692 1435 751 vocatum,
1472 682 1758 771 praeclara
1799 680 2019 744 indoles
2043 687 2140 736 tua
2181 685 2243 736 et
2321 701 2334 712 ²

314 766 335 793 ‘
368 782 527 821 amor
563 766 767 840 patriae
797 765 1027 842 inpulit,
1049 773 1111 822 ut
1140 763 1555 839 Principatum,
1595 763 1809 837 (12un
1829 760 2082 817 ma'ores
2110 776 2243 816 nos·

315 845 336 870 ι
368 842 442 898 tri
470 844 642 902 armis
664 847 980 914 certabant,
1004 840 1813 979 bWenti
1848 781 2109 906 ossi-ram,
2139 855 2243 896 ex-

319 925 339 951 ‘
371 922 565 997 emplo
591 922 662 980 D.
694 924 951 998 Augusti,
983 944 1077 1000 qul
1172 941 1290 978 rori
1416 941 1553 988 lum,
1651 919 1952 987 arcellum,
1981 917 2113 974 dein
2141 935 2243 992 ge·

318 1002 339 1028 ‘
370 1019 597 1070 nerum,
622 1002 956 1078 Agrippam,
994 1021 1127 1075 mog
1150 1008 1395 1075 nepotes
1424 1020 1579 1067 suOS,
1611 1004 1905 1074 postremo
1935 996 2246 1054 Tiberium
2315 1034 2345 1054 .

320 1081 340 1105 ⁶
373 1076 697 1146 Neronem,
741 1082 1089 1154 privignum,
1121 1063 1205 1135 'i'n'
1220 1061 1486 1153 proxim⁶o
1505 1060 1616 1133 ‘sibi
1645 1076 1866 1149 fastigio
1894 1059 2237 1152 conloca‘iziq.

319 1159 339 1184 ‘
372 1156 493 1212 Sed
514 1159 801 1228 Augustus
823 1159 880 1212 in
901 1157 1070 1213 domo
1105 1175 1506 1211 successorem
1532 1155 1796 1227 quaesivit
1824 1176 1840 1223 ;
1883 1172 2014 1227 ego,
2037 1154 2096 1209 in
2123 1152 2243 1213 Re-

314 1238 337 1263 ‘
374 1232 612 1314 publica
635 1254 661 1302 εΔ
701 1253 833 1303 non,
865 1235 998 1309 quia
1032 1233 1393 1310 propinquos
1420 1238 1515 1289 aut
1540 1231 1729 1287 socios
1765 1231 1906 1286 belli
1935 1251 2046 1296 non
2069 1231 2246 1289 habe-

314 1317 335 1342 ‘
370 1330 465 1368 am
491 1333 506 1382 ;
550 1311 655 1369 sed
681 1331 872 1388 neque
893 1313 1020 1389 ipse
1050 1312 1369 1391 Imperium
1399 1310 1708 1368 ambitione
1730 1308 1930 1383 accepi
1955 1331 1968 1364 :
2016 1316 2076 1366 et
2091 1308 2246 1382 judi-

321 1397 341 1423 ‘
371 1390 448 1448 cii
477 1391 592 1446 mei
615 1391 1018 1449 documentum
1042 1393 1155 1448 sint
1181 1394 1296 1448 non
1331 1409 1478 1452 meae
1508 1395 1723 1446 tantum
1766 1386 2257 1457 necessitudines?
2276 1415 2289 1431 ν
2316 1390 2384 1430 ·‘·

318 1473 349 1501 ⁴
372 1488 510 1544 quas
539 1470 643 1526 tibi
682 1472 1005 1547 postposui,
1029 1470 1131 1528 sed
1156 1477 1214 1526 et
1243 1476 1376 1526 tuae.
1462 1467 1566 1525 Est
1594 1467 1695 1524 tibi
1723 1463 1905 1524 frater
1931 1466 2057 1542 pari
2080 1465 2247 1525 nobi·
2445 1457 2459 1476 ⁸

332 1553 347 1579 ‘
377 1548 554 1618 litate,
583 1556 723 1616 natu¹
739 1551 942 1627 major,
965 1549 1168 1625 dignus
1209 1550 1316 1606 hac
1343 1546 1591 1616 fortuna,
1622 1546 1726 1604 nisi
1747 1553 1811 1604 tu
1836 1546 2030 1623 potior
2061 1563 2243 1604 esses.

332 1631 348 1656 ‘
380 1627 464 1682 Ea
483 1634 619 1683 aetas
648 1633 763 1698 tua,
807 1648 938 1705 quae
971 1628 1324 1706 cupiditates.
1361 1626 1765 1685 adolescentiae
1786 1627 1909 1702 jam
1937 1625 2246 1700 effugerit3

330 1710 347 1735 ‘
379 1725 449 1763 ea
499 1705 637 1776 vita,
680 1706 738 1764 in
792 1727 904 1784 qua
949 1709 1090 1766 nihil
1152 1707 1516 1783 praeteritum
1567 1706 1955 1778 excusandum
2004 1703 2242 1771 habeas,

330 1789 345 1814 ‘
377 1784 695 1842 Fortunam
737 1788 920 1843 adhuc
964 1794 1179 1844 tantum
1224 1786 1524 1844 adversam
1567 1785 1780 1856 tulisti;
1838 1783 1935 1862 (n)
1971 1782 2246 1842 secundae

331 1869 346 1894 ‘
378 1881 474 1923 res
502 1864 821 1922 acrioribus
848 1863 1091 1923 stimulis
1115 1865 1334 1922 animos
1364 1864 1690 1939 explorant,
1721 1864 1856 1939 quia
1878 1861 2130 1920 miseriae
2159 1870 2247 1920 to·
2283 1895 2286 1896 ν

334 1946 350 1974 ⁸
381 1942 663 2014 letantur,
717 1939 996 2001 felicitate
1056 1943 1514 2019 conrumpimur.
1618 1940 1847 2011 Fidem,
1899 1940 2251 2016 libertatem,

335 2028 350 2053 ‘
376 2022 700 2092 amicitiam,
722 2022 1019 2099 praecipua
1039 2022 1273 2081 humani
1301 2018 1473 2081 animi
1499 2021 1673 2090 bona,
1700 2028 1762 2079 tu
1792 2019 2025 2098 quidem
2047 2018 2254 2077 eadem

333 2106 349 2131 ‘
380 2101 700 2161 constantia
746 2102 1064 2158 retinebis:
1109 2100 1216 2158 sed
1250 2100 1344 2157 alii
1381 2119 1494 2175 per
1529 2100 1872 2175 obsequium
1909 2099 2248 2156 inminuent.

332 2185 348 2210 ⁴
377 2178 687 2252 Inrumpet
721 2178 990 2246 adulatiO,
1022 2177 1338 2245 blanditiae,
1365 2177 1682 2252 pessimum
1700 2178 1830 2233 veri
1860 2174 2119 2234 adfectus
2146 2194 2250 2234 ve·

336 2261 351 2286 ⁴
380 2274 619 2323 uenum,
647 2273 752 2312 sua
790 2256 1002 2331 cuique
1032 2255 1264 2312 utilitas.
1344 2253 1490 2329 Ege,
1514 2272 1581 2312 ac
1602 2261 1686 2326 tu,
1714 2253 2138 2330 simplicissime
2164 2255 2250 2311 in-

335 2341 353 2365 ⁴
385 2342 479 2391 ter
504 2352 608 2392 nos
630 2333 805 2392 hodie
827 2335 1154 2411 loquimur:
1200 2333 1386 2392 ceteri
1409 2332 1684 2392 libentius
1713 2351 1846 2391 cum
1872 2330 2104 2390 fortuna
2120 2351 2250 2390 nos·

336 2424 354 2449 ⁴
385 2418 492 2482 tra,
527 2432 696 2489 quam
724 2415 1043 2489 nobiscum.
1130 2412 1294 2476 Nam.
1314 2414 1562 2473 suadere
1591 2411 1865 2489 principi,
1895 2409 2052 2489 quod
2079 2428 2254 2487 opor·

339 2503 355 2528 ⁶
385 2497 521 2562 teat,
543 2492 708 2550 multi
744 2493 959 2551 laboris
983 2516 996 2550 :
1042 2491 1355 2553 adsentatio
1390 2512 1529 2568 erga
1555 2492 1890 2568 Principem
1918 2508 2253 2568 quemcum-
2277 2510 2282 2513 “

343 2581 359 2607 ‘
392 2591 507 2650 que
534 2573 657 2629 sine
680 2572 908 2631 adfectu
936 2571 1254 2647 peragitur.

420 2650 579 2708 XVI.
626 2657 641 2685 ‘
670 2650 880 2720 Etiam,
922 2651 972 2708 si
998 2652 1321 2708 inmensum
1349 2650 1591 2726 Imperii
1627 2669 1841 2726 corpus
1879 2656 2032 2709 stare
2073 2668 2140 2708 ac
2180 2648 2252 2707 li-

342 2743 359 2765 ·
388 2731 546 2789 brari
565 2730 688 2787 sine
711 2737 944 2790 rectore
964 2735 1181 2806 posset,
1210 2729 1413 2803 dignus
1436 2748 1617 2799 eram,
1636 2750 1668 2786 a
1686 2749 1800 2807 quo
1823 2728 2006 2807 Resp.
2027 2730 2254 2806 incipe-

340 2819 357 2844 ‘
391 2817 512 2868 ret:
557 2828 707 2866 nunc
729 2828 802 2868 eo
829 2807 1187 2867 necessitatis
1231 2809 1244 2821 ⁶
1369 2809 1597 2885 pridem
1632 2816 1870 2867 ventum
1905 2817 2016 2880 est,
2053 2816 2117 2867 ut
2144 2827 2257 2873 nec

342 2897 359 2922 ⁴
391 2906 522 2945 mea
540 2894 809 2946 senectus
825 2886 1098 2946 conferre
1118 2826 1502 2963 plqu'a‘PIiipulo
1525 2887 1695 2946 Rom.
1725 2888 1928 2964 possit,
1958 2907 2127 2965 quam
2150 2888 2256 2944 bo-

345 2976 361 3001 ‘
394 2986 533 3025 num
568 2983 987 3036 successorem,
1030 2982 1139 3023 nec
1192 2977 1294 3029 tua
1343 2966 1474 3041 plus
1526 2967 1780 3035 inventa,
1827 2987 1996 3041 quam
2042 2968 2286 3049 bonum.

344 3054 360 3080 ⁸
394 3042 749 3118 Principem.
830 3044 948 3102 Sub
986 3044 1235 3105 Tiberio
1269 3050 1330 3103 et
1352 3043 1498 3102 Caio
1527 3052 1588 3104 et
1618 3044 1863 3103 Claudio
1902 3047 2069 3104 unius
2095 3043 2258 3104 fami-

2444 1052 2459 1079 1

416 3222 435 3268 l
465 3218 714 3268 Romulus
729 3217 934 3267 divided
952 3220 1038 3276 the
1053 3218 1267 3268 citizens
1284 3217 1343 3267 of
1353 3217 1514 3265 Rome
1529 3216 1635 3266 into
1646 3218 1806 3282 thirty
1819 3222 1985 3279 curia,
2006 3221 2107 3269 and
2126 3218 2259 3270 from

348 3285 466 3342 ‚that
509 3285 901 3345 circumstance,
945 3284 1033 3331 the
1075 3283 1190 3332 Lex
1223 3282 1439 3332 Curiata
1479 3283 1597 3331 took
1630 3282 1694 3332 its
1729 3297 1895 3333 name.
1980 3283 2093 3334 The
2128 3285 2257 3335 lam

350 3363 495 3397 were
515 3348 727 3397 euacted
747 3350 813 3411 by
832 3346 919 3395 the
936 3349 1118 3410 peeple
1139 3347 1422 3396 assembled
1442 3347 1495 3394 iu
1518 3348 1654 3396 their
1671 3349 1869 3397 several
1887 3350 2061 3401 curiae.

414 3427 466 3461 m
497 3412 726 3475 Sulpiciae
745 3427 804 3461 ac
824 3411 1058 3462 Lutatiae.
1125 3411 1241 3461 The
1257 3412 1399 3460 word
1408 3415 1575 3475 gentis
1594 3412 1635 3460 is
1657 3414 1982 3464 understood.

416 3492 457 3528 n
492 3475 649 3525 Piso’s
670 3476 853 3539 father,
877 3480 1078 3529 mother
1110 3476 1212 3526 and
1250 3474 1459 3527 brother
1480 3491 1619 3525 were
1642 3482 1737 3539 put
1756 3483 1810 3526 to
1834 3478 1986 3526 death
2008 3478 2078 3540 by
2096 3474 2258 3529 clad-

350 3542 483 3590 dius.
551 3542 778 3591 Another
799 3543 1007 3590 brother
1032 3542 1144 3605 (tbo
1179 3542 1476 3604 conspiracy
1499 3542 1693 3605 against
1715 3542 1855 3592 Nero
1892 3542 2046 3605 being
2065 3543 2265 3597 detecti·

354 3606 444 3674 od)
462 3604 663 3670 opened
683 3606 760 3661 his
781 3609 927 3657 veina
947 3607 1046 3656 and
1067 3605 1190 3654 bled
1204 3610 1258 3657 to
1279 3604 1448 3654 death.
