2459 4075
332 182 386 223 J.
416 185 474 224 c.
505 167 605 224 69.
835 161 1165 222 HISTOR.
1216 163 1371 238 LIB.
1416 160 1795 222 TERTIUS.
2152 164 2263 218 119

329 317 355 343 ⁴
375 328 457 368 sae
484 328 605 368 suae
627 308 979 385 deprecator
1005 280 1303 368 adsistat-'z’
1348 308 1793 386 adspernantem
1830 311 2266 383 tumentemque
2342 361 2353 370 ,

307 389 590 448 lacrimis
622 387 854 463 fatigant
912 387 1274 467 (extremum
1316 387 1627 467 malorum)
1678 395 1765 446 tot
1795 384 2092 445 fortissimi
2129 386 2268 455 viri,

333 468 648 544 proditoris
685 487 860 544 opem
892 470 1267 538 invocantes:
1313 487 1449 527 mox
1478 469 1807 526 velamenta
1840 472 1902 524 et
1938 464 2143 526 infulas
2171 463 2263 544 (r)

335 567 445 625 pro
471 547 653 606 muris
682 533 1225 638 ostentantstum
1255 548 1534 606 Antonius
1577 555 1592 581 ‘
1618 546 1872 605 inhiberi
1894 545 2030 603 tela’
2064 545 2267 621 jussis-

333 634 445 699 set,
483 628 648 702 signa
672 627 1010 704 aquilasque
1032 628 1321 705 ‚extulere
1346 652 1375 688 a,
1407 634 1676 686 moestum
1705 626 2014 685 inermium
2043 643 2267 701 agmen,

332 706 577 784 dejectis
600 706 661 764 in
686 715 908 765 terram
928 707 1531 784 oculis‚·sequebatur.
1616 705 2123 766 circumstiterant
2144 705 2267 764 vic-

335 793 520 857 tores,
543 795 606 845 et
629 786 822 862 primo
849 786 1190 862 ingerebant
1216 786 1850 863 probrasintentabant
1875 786 2023 843 ictus
2052 807 2066 841 ε
2111 803 2270 855 mox,

337 873 403 925 ut
430 866 689 943 praeberi
717 884 820 924 ora
854 866 1244 935 contumeliiS,
1274 874 1354 936 et,
1387 866 1576 943 posita
1609 866 1763 924 omni
1799 864 2041 932 ferocia,
2069 873 2274 924 cuncta

337 946 480 1006 victi
522 946 913 1022 patiebantur,
955 944 1111 1004 subit
1157 946 1510 1015 recordatio,
1558 946 1689 1003 illos
1734 965 1888 1014 esse,
1934 943 2034 1021 qui
2078 963 2271 1021 nuper

340 1024 613 1083 Bedriaci
655 1025 920 1084 victoriae
964 1031 1410 1101 temperassent.
1496 1025 1634 1094 Sed,
1675 1026 1772 1083 ubi
1813 1021 2071 1092 Caecina,
2116 1043 2269 1100 prae·

332 1110 496 1162 texta
532 1104 952 1179 lictoribusque
988 1106 1247 1179 insignis,
1282 1103 1497 1162 dimota
1536 1104 1727 1173 turba,
1762 1104 1982 1161 Consul
2012 1103 2275 1173 incessit,

339 1201 619 1241 exarsere
647 1182 905 1240 victores
932 1205 950 1239 ι
995 1191 1011 1218 ⁶
1037 1184 1391 1260 superbiam,
1418 1184 1833 1259 saevifiamque’
1881 1182 2058 1261 (adeo
2089 1182 2276 1242 invisa

340 1262 572 1320 scelera
596 1259 754 1338 sunt)
801 1263 976 1320 etiam
1006 1271 1021 1297 ⁶
1042 1261 1392 1339 perfidiam‚’
1423 1263 1807 1339 objectabant.
1893 1261 2131 1320 Obstitit
2157 1263 2273 1319 An-

340 1341 557 1409 tonius,
586 1340 850 1416 datisque
879 1339 1304 1411 defensoribus,
1322 1342 1394 1399 ad
1416 1341 1836 1418 Vespasianum
1851 1340 2083 1408 dimisit.

423 1418 675 1477 XXXII.
717 1419 894 1477 Plebs
916 1422 1150 1480 interim
1177 1422 1661 1481 Cremonensium
1687 1422 1842 1479 inter
1868 1426 2114 1477 armatos
2136 1439 2274 1479 con-

342 1498 705 1558 flictabatur:
752 1518 863 1558 nec
884 1503 1093 1575 procul
1111 1501 1276 1558 caede
1305 1501 1564 1571 aberant,
1583 1520 1715 1558 cum
1743 1500 2019 1577 precibus
2050 1499 2278 1560 Ducum

338 1579 624 1653 mitigatus
647 1585 737 1637 est
762 1579 954 1637 miles.
1039 1580 1115 1639 Et
1134 1587 1371 1638 vocatos
1396 1579 1468 1637 ad
1495 1581 1838 1639 concionem
1865 1581 2144 1637 Antonius
2175 1579 2274 1636 ad-

337 1659 619 1734 loquitur,
637 1658 939 1732 magnifice
961 1660 1242 1730 victoreS,
1260 1657 1447 1718 victos
1473 1660 1836 1726 clementer:
1882 1658 1957 1715 de
1980 1657 2274 1716 Cremona

337 1737 402 1794 in
443 1743 735 1795 neutrum.
766 1735 852 1816 (s)
926 1738 1237 1796 Exercitus
1275 1745 1497 1815 praeter
1523 1739 1751 1796 insitam
1780 1738 2075 1814 praedandi
2105 1738 2275 1815 cupi-

340 1817 559 1886 dinem,
593 1823 803 1875 vetere
846 1816 1002 1888 odio,
1032 1816 1102 1875 ad
1139 1817 1431 1875 excidium
1460 1818 1947 1875 Cremonensium
1974 1816 2271 1876 incubuit:
2359 1817 2377 1836 ⁹

333 1895 564 1971 juvisse
597 1902 795 1971 partes
819 1895 1186 1967 Vitellianas,
1215 1895 1464 1953 Othonis
1486 1914 1717 1971 queque
1747 1893 1926 1963 bel'lo,
1955 1895 2278 1954 credeban-

345 1982 472 2034 tur:
518 1993 652 2031 mox
681 1974 1206 2044 tertiadecimanos,
1237 1974 1308 2031 ad
1340 1973 1751 2034 exstruendum
1791 1972 2281 2051 amphitheatrum

343 2055 607 2122 relictoS,
635 2061 699 2111 ut
723 2060 855 2111 sunt
880 2055 1152 2131 procacia
1178 2057 1416 2112 urbanae
1452 2055 1642 2129 plebis
1678 2053 1929 2128 ingenia,
1966 2054 2277 2129 petulanti-

343 2135 454 2191 bus
467 2132 676 2209 jnrgiis
697 2131 1036 2190 inluserant.
1120 2132 1298 2189 Auxit
1317 2132 1590 2190 invidiam
1612 2130 1828 2189 editum
1844 2132 1965 2190 illic
1987 2151 2020 2188 a
2040 2130 2282 2191 Caecina

343 2212 726 2287 gladiatorum
771 2210 1166 2286 spectaculum
1191 2233 1206 2267 t
1269 2210 1587 2287 eademque
1636 2227 1835 2268 rursus
1880 2209 2025 2267 belli
2064 2210 2235 2269 sedes
2258 2234 2273 2270 ε

343 2298 408 2349 et
434 2289 668 2365 praebiti
705 2288 764 2345 in
793 2290 919 2349 acie
948 2289 1276 2347 Vitellianis
1314 2289 1469 2348 cibi:
1515 2307 1687 2347 caesae
1716 2289 1978 2363 quaedam
2019 2286 2273 2361 feminae,

342 2369 535 2428 studio
559 2370 810 2446 partium
828 2369 897 2428 ad
914 2369 1188 2444 proelium
1216 2387 1586 2445 progressae:
1617 2376 1843 2444 tempus
1872 2382 2109 2446 quoqne
2120 2386 2275 2426 mer·-

340 2456 523 2519 catuS,
552 2448 730 2506 ditem
772 2450 987 2526 alioqui
1015 2448 1322 2518 coloniam,
1360 2449 1641 2525 majorum
1671 2467 1845 2524 opum
1875 2449 2078 2525 specie
2115 2466 2301 2506 com--

342 2530 561 2605 plebat.
646 2526 852 2587 Ceteri
885 2530 1078 2587 Duces
1100 2528 1158 2585 in
1181 2530 1430 2586 obscuro
1455 2552 1468 2585 :
1514 2527 1826 2587 Antonium
1847 2526 2077 2586 fortuna
2102 2526 2274 2585 fama·

343 2628 460 2685 que
488 2610 743 2666 omnium
762 2608 946 2667 oculis
971 2613 1324 2684 exposuerat
1349 2630 1362 2665 ε
1397 2608 1444 2665 is
1465 2607 1722 2676 balneas,
1751 2608 2036 2666 abluendo
2054 2608 2276 2676 cruori,

341 2706 598 2764 propere
625 2686 812 2763 petit:
859 2694 1108 2763 excepta
1133 2707 1252 2765 vox
1275 2693 1385 2756 est,
1408 2692 1541 2746 cum
1563 2694 1830 2764 teporem
1853 2689 2166 2757 incusaret,
2194 2686 2276 2768 (t)
2340 2710 2343 2715 ’
2397 2671 2400 2674 ’

237 2784 244 2789 ·
344 2773 361 2800 ‘
376 2767 587 2836 statim,
608 2766 889 2837 futurum,
909 2774 973 2825 ut
988 2767 1459 2826 incalescerent.’
1543 2765 1788 2825 Vernile
1808 2767 2021 2824 dictum
2044 2785 2279 2825 omnem

237 2850 240 2855 “
344 2845 617 2902 invidiam
643 2846 704 2902 in
731 2866 867 2906 eum
893 2847 1092 2914 vertit,
1115 2854 1402 2922 tamquam
1430 2853 1447 2879 ‘
1468 2845 1687 2921 signum
1709 2846 2091 2906 incendendae
2120 2846 2269 2904 Cre·

348 2929 366 2956 ⁶
395 2941 583 2980 monae
606 2923 881 2996 dedisset,
907 2945 1034 3002 quae
1048 2926 1168 3001 jam
1197 2925 1496 3000 flagrabat.

428 3001 706 3060 XXXIII.
752 3004 1138 3080 Quadraginta
1164 3011 1512 3062 armatorum
1548 3004 1727 3062 millia
1770 3005 2073 3081 inrupere,
2117 3007 2274 3065 calo-

330 3100 485 3140 -num
515 3082 880 3163 lixarumque
907 3084 1153 3161 amplior
1188 3101 1487 3153 numerus,
1517 3090 1580 3141 et
1603 3083 1662 3140 in
1683 3082 1982 3143 libidinem
2012 3103 2077 3142 ac
2104 3087 2273 3146 saevi-

411 3277 440 3310 r
479 3258 764 3310 Velamenta
785 3268 830 3311 et
870 3260 1086 3324 insulas.
1154 3257 1270 3306 The
1306 3257 1504 3321 display
1540 3259 1599 3306 os
1621 3257 1809 3307 clothes
1852 3261 1951 3308 and
1996 3262 2272 3312 sacerdotal

346 3329 614 3395 vestments
636 3326 690 3374 in
711 3326 797 3374 the
820 3329 902 3375 aet
931 3325 989 3379 of
1011 3324 1156 3389 suing
1175 3323 1252 3373 sor
1288 3338 1441 3386 peuce
1461 3324 1553 3372 has
1586 3324 1717 3372 been
1748 3326 2050 3386 mentioned,
2081 3327 2214 3379 Hist.
2237 3329 2272 3376 i.

344 3407 385 3441 s·
407 3388 548 3505 ῗθὶὶε
571 3455 816 3505 Cremona
835 3459 897 3505 in
915 3462 1166 3505 neutrum.
1237 3453 1378 3504 'I'hat
1397 3454 1455 3512 is,
1483 3456 1552 3502 he
1573 3453 1662 3502 did
1681 3459 1769 3502 not
1786 3456 2019 3506 manifest
2038 3458 2268 3507 whether

339 3521 384 3574 it
402 3536 508 3569 was
524 3521 603 3568 his
623 3519 867 3571 intention
881 3525 935 3569 to
956 3534 1074 3569 save
1096 3518 1351 3570 Cremona
1370 3535 1428 3569 or
1447 3525 1551 3568 not.

408 3593 429 3636 t
463 3586 595 3635 Cum
616 3592 823 3649 teporem
844 3590 1110 3637 incusant.
1177 3583 1349 3645 When
1365 3586 1431 3635 he
1451 3585 1762 3651 complained
1777 3585 1888 3635 that
1928 3586 2015 3634 the
2036 3585 2160 3632 bath
2176 3599 2277 3630 was

339 3654 429 3703 not
442 3650 745 3735 sufficiently
768 3664 945 3705 wem.
984 3724 989 3728 ῃ
