2459 4075
245 185 348 245 ⁷0¹
827 183 901 241 e.
946 181 1193 241 coRN.
1239 181 1549 241 TAcrri.
1742 206 1799 243 A·
1831 206 1974 247 mc.
2022 161 2207 251 aaa?

239 331 427 408 posita
453 330 631 389 turris
661 336 721 389 et
747 328 803 388 in
852 336 1174 389 extremam
1211 347 1421 389 navem
1444 328 1652 389 educta
1677 352 1691 389 z
1735 332 1888 391 unde
1911 340 2172 395 tormen-

244 412 317 470 tis
340 432 405 469 ac
433 410 713 470 machinis
740 410 938 468 hostes
958 408 1461 490 propulsarentur.
2122 433 2127 438 ·
2168 405 2175 412 ⁴

322 490 577 549 XXXV.
624 489 936 548 Othoniani
982 493 1043 551 in
1102 490 1230 568 ripa
1271 490 1480 549 turrim
1522 497 1880 562 strinxerant,
1917 510 2175 571 saxaque

249 579 313 631 et
337 571 493 629 faces
506 571 929 646 jaculabantur.
1015 571 1090 629 Et
1118 578 1245 629 erat
1272 571 1457 628 insula
1484 590 1647 629 amne
1670 570 1883 641 medin,
1912 572 1968 629 in
1997 592 2171 650 quam

240 652 589 727 gladiatores
618 652 859 710 navibus
888 652 1216 721 molienteS‚
1245 651 1525 709 Germani
1554 650 1739 709 nando
1761 651 2171 734 praelabeban7

241 740 360 790 tur.
444 733 529 788 Ac
574 728 726 789 forte
767 733 969 808 plures
1012 738 1424 807 transgreSSOS‚
1470 731 1774 806 completis
1816 728 2174 806 Liburnicis,
2231 778 2239 788 ,
2306 797 2312 802 ,

241 832 355 891 per
395 811 858 888 promptissimos
910 812 1288 887 gladiatorum
1347 811 1552 869 Macer
1597 808 1948 884 adgreditur.
2055 814 2173 874 Sed
2251 869 2257 874 ,

241 910 435 972 neque
459 910 529 959 ea
549 893 869 950 constantia
891 893 1305 968 'gladiatoribus
1334 891 1402 948 ad
1424 889 1658 966 proelia,
1688 907 1818 963 quae
1846 887 2125 952 militibus
2151 918 2168 968 3

242 989 354 1031 nec
382 971 629 1045 perinde
658 979 926 1032 nutantes
972 991 1008 1029 e
1035 973 1303 1040 navibus,
1342 987 1514 1045 quam
1534 967 1724 1046 stabili
1746 968 1924 1043 gradu
1956 991 1990 1029 e
2019 973 2168 1050 ripa,

237 1051 482 1118 vulnera
526 1050 868 1126 dirigebant.
950 1050 1047 1121 Et,
1090 1069 1222 1127 cum
1249 1049 1442 1105 variis
1485 1047 1894 1123 trepidantium
1932 1049 2169 1111 inclina-

239 1130 516 1199 tionibuS,
569 1131 733 1188 mixti
795 1129 1046 1205 remiges
1118 1135 1700 1212 propugnatoresque
1763 1129 2161 1203 turbarentur,

238 1209 478 1268 desilire
500 1208 557 1265 in
579 1209 726 1267 vada
762 1210 918 1267 ultro
940 1209 1243 1278 Germani,
1282 1214 1580 1266 retentare
1601 1225 1855 1285 puppeS,
1885 1212 2167 1272 scandere

238 1288 421 1360 foros,
451 1297 547 1347 aut
573 1289 833 1347 cominus
861 1307 1132 1364 mergere
1157 1311 1173 1345 ε
1219 1306 1353 1363 quae
1380 1295 1609 1357 cuncta,
1652 1284 1727 1345 in
1745 1289 1926 1346 oculis
1954 1292 2168 1350 utrius·

237 1389 352 1448 que
381 1368 699 1438 exercituS,
730 1375 942 1443 quanto
966 1369 1194 1428 laetiora
1220 1367 1571 1437 Vitellianis,
1600 1374 1754 1426 tanto
1778 1370 1960 1427 acrius
1982 1369 2170 1429 Otho-

237 1450 389 1507 niani
411 1467 671 1507 caussam
700 1455 1114 1525 auctoremque
1138 1444 1317 1505 cladis
1346 1448 1797 1516 detestabantur.
2160 1443 2169 1452 ⁴

234 1556 238 1560 ·
322 1525 603 1584 XXXVI.
648 1526 724 1583 Et
759 1525 1036 1606 proelium
1065 1526 1322 1604 quidem,
1352 1527 1610 1605 abruptis
1651 1540 1779 1603 quae
1820 1538 2170 1605 supererant

247 1608 513 1675 navibus,
543 1604 675 1682 fuga
694 1607 1044 1683 diremptum
1071 1630 1084 1664 ε
1136 1605 1229 1687 (v)
1261 1605 1468 1665 Macer
1504 1609 1579 1665 ad‘
1602 1608 1840 1665 exitium
1885 1603 2171 1683 poscebass

237 1696 352 1747 tur.
436 1686 683 1763 Jamque
726 1689 1093 1746 vulneratum
1121 1689 1346 1748 eminus
1374 1689 1578 1746 lancea
1615 1687 1830 1744 strictis
1851 1687 2052 1762 gladiis
2080 1690 2165 1746 in·

236 1774 528 1837 vaserunt,
595 1786 727 1825 cum
783 1768 1113 1826 intercursu
1165 1764 1568 1826 Tribunorum
1623 1766 2183 1845 centurionumquev

237 1847 587 1927 protegitur.
673 1848 802 1907 Nec
850 1848 1031 1905 multo
1079 1856 1211 1925 post
1261 1847 1587 1922 Vestricius
1643 1846 1948 1923 Spurinna,
1995 1847 2213 1923 jussu,

237 1928 509 1998 Othonis,
554 1926 763 1986 relicto
794 1928 1106 1987 Placentiae
1135 1928 1365 1987 modico
1393 1926 1711 2003 praesidio„
1739 1946 1871 2006 cum
1915 1928 2179 1986 cohorti·-

209 2015 216 2024 ”
237 2009 347 2069 bus
377 2007 668 2069 subvenit.
753 2008 906 2068 Dein
934 2008 1199 2067 Flavium
1230 2008 1524 2077 Sabinum,
1556 2006 1872 2066 Consulem
1912 2006 2171 2083 designa-

235 2098 384 2162 tum,
412 2085 570 2149 Oth'o
601 2095 895 2147 rectorem
923 2089 1108 2165 copiis
1136 2089 1316 2158 misit,
1341 2088 1550 2165 quibus
1571 2087 1775 2145 Macer
1813 2086 2129 2163 praefuerat
2155 2113 2171 2162 ;

238 2170 378 2230 laeto
422 2168 605 2229 milite
635 2167 703 2226 ad
746 2170 1116 2228 mutationem
1158 2169 1394 2237 ducum,
1445 2174 1503 2225 et
1531 2167 1773 2224 ducibus
1817 2168 1892 2224 ob
1933 2168 2175 2226 crebras

240 2251 554 2310 seditiones
583 2258 696 2309 tam
726 2250 991 2308 infestam
1013 2249 1273 2307 militiam
1303 2248 1802 2324 adspernantibus.

207 2400 214 2405 ἱ
320 2331 635 2389 XXXVII.
698 2330 942 2387 Invenio
998 2329 1150 2403 apud
1204 2328 1483 2404 quosdam
1536 2322 1845 2396 auctores,'
1883 2333 1900 2360 ‘
1945 2346 2170 2402 pavore

171 2420 177 2425 ’
237 2418 260 2446 ⁷⁸
286 2413 454 2482 belli,
488 2430 594 2469 seu
622 2409 847 2466 fastidio
876 2407 1180 2482 utriusque
1226 2408 1539 2484 Principis,
1579 2422 1825 2483 quorum
1869 2405 2077 2480 flagitia
2106 2426 2173 2465 ac

187 2541 203 2553 .
250 2493 551 2551 ‘dedecus
602 2489 898 2564 apertiore
946 2487 1004 2544 in
1052 2488 1176 2544 dies
1219 2486 1367 2545 sama
1427 2489 1837 2556 noscebantur,
1884 2486 2177 2544 dubitasse

246 2570 618 2637 ‘'exercitus,
668 2587 826 2637 num,
877 2568 1065 2643 posito
1114 2564 1455 2636 certamine,
1504 2568 1616 2626 vel.
1652 2566 1763 2643 ipsi
1815 2566 1873 2622 in
1921 2564 2177 2623 medium

217 2661 259 2687 '‘
287 2651 699 2717 consultarent,
743 2650 839 2706 vel
869 2647 1103 2705 Senatui
1151 2647 1563 2724 permitterent
1594 2647 1797 2720 legere
1845 2646 2167 2721 Imperato-

246 2740 260 2765 ⁸
295 2749 443 2788 rem.
527 2730 718 2804 Atque
749 2747 821 2785 eo
847 2728 1023 2785 duces
1053 2727 1410 2784 Othonianos
1453 2726 1701 2804 spatium
1731 2745 1796 2783 ac
1822 2744 2012 2784 moras
2043 2744 2165 2782 sua-

244 2820 261 2845 ‘
290 2810 457 2879 sisse,
499 2808 801 2887 praecipua
850 2828 956 2884 spe
1007 2807 1290 2864 Paullini:
1355 2808 1506 2884 quod
1546 2806 1965 2864 vetustissimus
2011 2803 2169 2861 Gon-

240 2899 259 2924 ‘
290 2890 591 2958 salarium,
622 2895 686 2945 et
708 2887 912 2945 militia
938 2888 1153 2956 clarus,
1177 2886 1420 2963 gloriam
1448 2904 1778 2962 nomenque
1826 2884 2174 2942 Britannicis

164 2998 172 3007 ·
241 2980 260 3004 ⁸
287 2968 754 3047 expeditionibus
797 2967 1151 3026 meruisset?
1235 2965 1382 3041 Ego,
1439 2973 1504 3024 ut
1546 2965 1963 3034 concesserim,
2015 2962 2171 3040 apud

240 3070 457 3129 paucos
498 3050 671 3109 tacito
726 3043 863 3107 voto
918 3047 1174 3123 quietem
1220 3065 1332 3123 pro
1386 3046 1693 3114 discordia,
1743 3046 1958 3102 bonurn
1998 3051 2059 3100 et
2086 3043 2169 3100 in-

238 3140 550 3191 nocentem
587 3130 922 3207 Principem
971 3147 1079 3204 pro
1108 3125 1375 3203 pessimis
1403 3145 1469 3184 ac
1518 3124 1943 3200 flagitiosisimis
1988 3141 2170 3198 expe-

240 3211 458 3269 ditum:
505 3213 583 3268 ita
623 3230 815 3289 neque
854 3205 1199 3276 Paullinum‚
1241 3224 1354 3284 qua
1393 3203 1698 3282 prudentia
1721 3202 1848 3273 suit,
1877 3204 2169 3279 sperasse,

239 3291 681 3368 corruptissimo
704 3290 930 3348 ⁴saeculo
971 3293 1181 3344 tantam
1210 3287 1367 3360 vulgi
1394 3283 1870 3351 moderationem,
1900 3302 2061 3352 reor,
2086 3289 2189 3351 ut,-

239 3373 344 3448 qui
374 3389 591 3447 pacem
616 3370 763 3427 belli
799 3385 996 3426 amore
1036 3367 1436 3435 turbaverant,
1482 3365 1702 3422 bellum
1746 3363 1906 3441 pacis
1934 3362 2173 3420 caritate

242 3452 608 3531 deponerent
631 3472 644 3507 ε
692 3466 886 3527 neque
924 3453 1022 3504 aut
1043 3447 1340 3505 exercitus
1362 3444 1569 3519 linguis
1590 3444 1968 3519 moribusque
1988 3441 2171 3499 disso-

237 3530 345 3590 'nns
384 3531 444 3589 in
471 3531 627 3587 hunc
656 3542 1003 3588 consensum
1020 3516 1282 3603 „potuisse
1320 3526 1680 3593 coalescere,
1704 3531 1802 3582 aut
1827 3523 2075 3598 Legatos
2099 3539 2169 3579 ac

380 3722 410 3755 v
441 3683 624 3768 Flying
643 3703 695 3752 in
711 3704 799 3753 the
820 3704 1000 3753 vessels
1016 3688 1188 3752 which
1208 3703 1311 3752 had
1332 3705 1419 3750 not
1436 3701 1566 3750 been
1589 3700 1717 3748 sunk
1739 3714 1796 3747 or
1816 3698 1988 3746 taken.

2260 264 2294 300 l
