2459 4075
160 1979 191 2029 {d

370 195 428 237 J.
458 197 518 237 e.
545 181 642 239 6⁹1.
885 176 1212 244 HlsToR.
1258 175 1409 239 LIB.
1450 173 1773 239 PRIMUS.
2218 192 2305 248 13·

370 321 530 389 tatio,
542 324 729 400 magni
745 327 963 385 secreti
979 326 1265 402 inpatiens
1291 348 1308 384 ε
1354 333 1414 384 et
1427 327 1577 384 male
1597 323 1915 385 coercitam
1929 322 2129 386 famam
2149 347 2287 409 sup·

374 401 688 475 primentes
717 407 1016 481 augebant.
1046 405 1146 485 (q)
1689 439 1694 446 -

450 479 674 541 XVIII.
719 485 1001 555 Quartum
1034 486 1167 543 ldus
1193 483 1233 539 J
1237 484 1518 553 annarias,
1550 483 1767 543 foedum
1794 483 2080 543 imbribus
2110 486 2292 566 diem,

367 559 620 630 tonitrua
661 574 722 622 et
748 563 973 641 fulgura
1000 572 1060 622 et
1086 566 1356 623 caelestes
1383 564 1556 623 minae
1583 566 1735 622 ultra
1753 564 1988 623 solitum
2015 566 2285 625 turbave-

366 646 515 697 rant.
602 641 994 703 Observatum
1014 644 1070 701 id
1093 645 1404 721 antiquitus
1429 643 1679 703 comitiis
1700 642 2039 702 dirimendis
2059 643 2153 724 (r)
2175 664 2288 705 non

360 719 572 777 terruit
596 720 858 793 Galbam,
878 742 993 801 quo
1015 725 1199 781 minus
1216 724 1276 781 in
1302 732 1490 783 castra
1508 730 1808 800 pergeret,
1821 730 2290 801 contemptorem

361 800 581 873 talium,
611 810 675 861 ut
703 802 1067 862 fortuitorum
1094 825 1110 874 ς
1154 821 1283 872 seu,
1341 803 1569 876 uaesato
1596 810 1851 873 manent,
1880 803 2146 880 quamvis
2173 803 2285 881 sig-

362 879 607 956 nificata,
625 901 740 941 non
757 881 1030 942 vitantur.
1082 883 1252 958 Apud
1405 891 1640 941 nentem
1652 883 1899 940 militum
1915 882 2284 955 concionem,

361 954 742 1034 Imperatoria
765 963 1077 1031 brevitate,
1096 969 1113 996 ‘
1134 962 1394 1038 adoptari
1423 981 1458 1018 a
1481 979 1548 1020 se
1575 961 1868 1042 lJisonem.
1885 980 2051 1021 more
2071 963 2146 1022 D.
2162 964 2282 1023 Au·
2331 1025 2338 1031 ,

355 1042 505 1113 gusti
525 1049 585 1098 et
611 1044 886 1118 exemplo
912 1041 1172 1108 militari,
1221 1057 1337 1117 quo
1379 1042 1474 1098 vir
1500 1040 1692 1098 virum
1737 1041 2005 1115 legeretss
2035 1041 2120 1122 (ε)
2146 1061 2285 1118 pro-

357 1119 602 1177 nuntiat.
688 1121 772 1176 Ac
812 1139 889 1177 ne
928 1119 1282 1175 dissimulata
1330 1119 1540 1175 seditio
1586 1120 1644 1175 in
1690 1119 1871 1194 majus
1908 1121 2280 1195 crederetur,

357 1198 517 1253 ultro
546 1197 872 1265 adseverat,
891 1203 908 1229 ‘
933 1202 1193 1270 quartam
1210 1201 1271 1251 et
1290 1195 1814 1253 duodevicesimam
1832 1198 2111 1271 legiones,
2139 1219 2279 1276 pau-

361 1273 380 1307 ῑ
409 1273 498 1331 cis
526 1275 825 1333 seditionis
843 1273 1195 1342 auctoribus,
1218 1291 1335 1330 non
1349 1274 1504 1330 ultra
1518 1275 1704 1330 rerba
1729 1293 1798 1330 ac
1823 1293 2001 1332 voces
2029 1295 2280 1352 errasse,

347 1358 375 1402 ι*
404 1362 467 1413 et
492 1356 665 1413 brevi
702 1355 760 1412 in
788 1354 979 1412 officio
1007 1351 1181 1410 sore!
1264 1350 1396 1410 Nec
1435 1352 1616 1410 ullum
1653 1352 1899 1411 orationi
1933 1361 2033 1412 aut
2061 1355 2280 1416 lenoci-

351 1433 511 1492 nium
533 1434 687 1494 addit
713 1440 810 1491 aut
836 1432 1113 1510 pretium.
1201 1430 1453 1489 Tribuni
1474 1439 1665 1490 tamen
1676 1431 2194 1512 Centurionesque
2221 1445 2283 1497 et

350 1514 603 1590 proximi
655 1514 901 1572 militum
961 1517 1122 1586 grata
1174 1510 1369 1569 auditu
1423 1511 1779 1588 respondent
1806 1533 1820 1569 ε
1881 1531 1995 1588 per
2045 1523 2279 1576 ceteros

351 1593 619 1652 maestitia
638 1613 703 1651 ac
725 1592 1039 1659 silentium,
1057 1597 1344 1666 tamquam
1367 1599 1694 1668 usurpatam
1711 1593 1884 1650 etiam
1909 1593 1970 1650 in
1997 1611 2147 1669 pace
2173 1596 2275 1654 do-

352 1674 529 1731 nativi
581 1673 986 1731 necessitatem
1012 1670 1170 1727 bello
1213 1668 1623 1746 perdidissent.
1707 1670 1971 1741 Constat,
2015 1675 2275 1748 potuisse

349 1752 646 1811 conciliari
685 1752 900 1810 animos
937 1747 1460 1826 quantulacumque
1482 1749 1644 1826 parci
1683 1750 1844 1808 senis
1885 1750 2269 1814 liberalitate:

346 1831 546 1890 nocuit
572 1831 837 1909 antiquus
863 1830 1023 1904 rigor
1049 1835 1110 1885 et
1134 1827 1310 1887 nimia
1330 1829 1656 1902 severitas3
1700 1829 1795 1888 cui
1811 1829 1937 1905 jam
1956 1850 2131 1908 pares
2157 1853 2275 1895 non

236 1975 271 1990 x„
346 1929 565 1969 sumus.

326 2011 335 2020 ·
426 1990 596 2050 XIX.
642 1990 781 2051 Inde
805 1957 956 2067 apud
982 1990 1253 2047 Senatum
1280 2005 1397 2047 non
1433 1990 1723 2082 comptior
1752 1989 1980 2062 Galbae,
2007 2007 2124 2052 non
2146 1996 2274 2054 lon-
2333 1987 2341 1996 ’

389 2071 497 2141 ior,
521 2089 692 2148 quam
712 2072 863 2147 apud
882 2070 1125 2127 militem
1152 2085 1387 2127 sermo:
1434 2069 1661 2126 Pisonis
1686 2071 1869 2128 comis
1898 2073 2104 2130 oratio.
2192 2076 2272 2134 Et

344 2090 585 2207 {atrum
614 2148 778 2206 favor
812 2149 1049 2217 aderat3
1092 2145 1256 2200 multi
1288 2146 1585 2204 voluntate
1614 2148 1891 2220 effusius3
1936 2151 2035 2227 qui
2060 2153 2267 2213 nolue-

344 2235 499 2297 rant,
527 2226 758 2299 medie3
803 2245 869 2285 ac
905 2223 1142 2301 plurimi
1178 2222 1355 2281 obvio
1383 2224 1688 2300 obsequio,
1716 2227 1968 2301 privatas
1989 2248 2127 2306 spes
2154 2234 2268 2308 agi.

344 2314 555 2376 tantes,
584 2306 709 2365 sine
738 2306 973 2382 publica
1013 2323 1172 2362 cura:
1266 2304 1397 2363 Nec
1446 2303 1600 2361 aliud
1646 2305 1915 2380 sequenti
1961 2311 2267 2383 quatriduo

282 2396 291 2399 ,
375 2386 530 2464 quod
571 2385 825 2444 medium
868 2386 1025 2448 inter
1060 2384 1429 2463 adoptionem
1467 2390 1528 2442 et
1553 2383 1778 2443 caedem
1821 2383 1958 2465 fuit)
1997 2388 2269 2451 dictuma

394 2467 554 2524 isene
593 2465 651 2523 in
721 2465 917 2523 ublico
945 2464 1253 2524 factumve.
1338 2463 1757 2523 crebrioribus
1780 2463 1839 2522 in
1865 2465 1994 2525 dies
2019 2467 2265 2530 Germa-

338 2546 483 2604 nicae
512 2485 856 2604 defeclionis
878 2544 1112 2614 nunniti,
1141 2553 1202 2603 et
1227 2544 1382 2603 facili
1409 2544 1644 2602 civitate
1667 2543 1739 2600 ad
1767 2545 2107 2623 accipienda
2131 2568 2265 2611 cre-

338 2624 644 2703 dandaque
672 2622 861 2683 omnia
887 2642 1057 2694 nova,
1092 2643 1224 2682 cum
1252 2624 1441 2693 tristia
1464 2631 1619 2693 sunt,
1657 2635 2004 2687 censuerant
2030 2627 2262 2705 Patres,

338 2704 644 2763 mittendos
680 2705 750 2763 ad
787 2704 1199 2762 Germanicum
1227 2703 1554 2762 exercitum
1581 2703 1839 2777 legatam
1882 2707 2146 2783 agitatum
2164 2731 2259 2772 se·

330 2791 521 2855 creto,
566 2804 703 2843 num
730 2791 791 2844 et
824 2783 960 2842 Piso
1000 2783 1501 2860 proficisceretur,
1543 2782 1765 2858 majore
1792 2793 2128 2863 praetextu3
2172 2792 2261 2852 illi

404 3018 436 3067 q
468 3000 884 3065 circumsteterat,
910 3009 998 3052 etc.
1065 3001 1401 3064 Meanwhile,
1438 3003 1525 3051 the
1569 3006 1842 3068 populace,
1884 3000 2098 3072 ruihing
2127 3007 2259 3059 from

336 3077 499 3131 every
511 3071 746 3130 quai-ter,
780 3067 1095 3118 surrounded
1124 3069 1212 3117 the
1236 3070 1434 3132 palaoe,
1455 3070 1726 3130 impatient
1759 3070 1835 3118 for
1867 3071 1956 3121 the
1979 3073 2257 3134 important

332 3148 488 3195 news,
508 3133 610 3182 and
630 3134 865 3198 growing
878 3148 1019 3182 more
1041 3140 1196 3196 eager
1219 3135 1272 3182 in
1296 3135 1588 3197 proportior:
1629 3141 1681 3184 to
1704 3136 1792 3183 the
1814 3135 1965 3198 delay
1982 3137 2040 3184 os
2051 3139 2141 3186 the
2165 3153 2255 3203 po·

329 3198 573 3262 liticiana,
597 3200 713 3248 who
733 3199 949 3249 affected
983 3213 1049 3247 an
1083 3199 1163 3247 air
1200 3198 1258 3247 οῖ
1283 3204 1525 3263 myster-y,
1555 3200 1705 3248 when
1725 3200 1815 3249 the
1852 3206 2020 3250 secret
2041 3202 2143 3252 had
2176 3207 2252 3255 al·

331 3265 488 3327 ready
502 3263 806 3327 transpired.
1511 3292 1520 3301 *
1914 3308 1932 3323 .

396 3347 425 3377 r
455 3331 705 3379 Thunder
728 3329 828 3377 and
856 3328 1110 3393 lightning
1143 3342 1250 3377 was
1282 3330 1474 3393 always
1507 3329 1807 3381 considered
1832 3330 2005 3395 bytho
2029 3332 2254 3386 Roman‘s

330 3408 386 3443 as
408 3409 440 3441 a
456 3396 690 3458 warning
711 3400 798 3445 not
814 3403 866 3443 to
886 3400 1114 3444 transact
1131 3394 1307 3457 public
1332 3396 1574 3447 business.

398 3475 424 3508 s
459 3460 747 3523 According
779 3465 836 3523 to,
855 3476 885 3507 a
908 3461 1136 3523 military
1161 3466 1357 3510 custom
1390 3463 1697 3512 established
1733 3461 1785 3512 in
1820 3476 1887 3510 an
1909 3462 2055 3526 early
2071 3465 2252 3525 period

327 3524 385 3573 of
393 3526 482 3574 the
504 3526 942 3585 commonwealth‚
966 3540 1124 3589 every
1143 3525 1339 3576 Roman
1359 3526 1546 3577 soldier
1560 3529 1710 3578 chose
1731 3528 1810 3577 his
1830 3527 2087 3577 favoni-ite
2113 3544 2249 3580 com-

324 3591 471 3651 rade,
493 3591 595 3639 and
612 3590 675 3655 by
698 3592 811 3640 that
832 3593 905 3639 tie
926 3589 983 3638 os
992 3590 1290 3654 friendship,
1311 3593 1382 3642 all
1403 3607 1543 3643 were
1563 3594 1818 3659 mutually
1839 3592 2012 3645 bound
2031 3597 2085 3644 tu
2099 3595 2249 3644 shu'b

316 3666 489 3720 every
510 3656 705 3724 danger
731 3656 851 3707 w³th
872 3656 1012 3705 their
1041 3656 1254 3716 [shows.

1229 3724 1345 3780 δῦ

2315 3300 2344 3311 D

2445 3492 2450 3587 ,ι

2439 3602 2449 3731 ἰ
