2459 4075
293 148 402 203 ηε
885 139 958 221 c.
1003 135 1612 198 conN.-TA01T1.
1803 156 1862 194 A.
1894 101 1952 194 η’.
1985 154 2039 194 c.
2074 141 2207 196 822.

280 297 395 360 tre,
436 288 683 368 disjecto
737 289 955 351 aeditui.
978 285 1384 362 contubernio,
1430 284 1721 346 modicum
1770 282 2046 352 sacellum
2071 301 2227 343 sou·

282 389 775 442 consanum-0111,
804 388 1080 447 aramque
1128 365 1345 445 posuit,
1367 384 1646 444 casusque
1673 382 1809 440 suos
1835 366 1895 425 in
1921 383 2213 425 marmore
2290 399 2299 408 -

280 467 621 529 expressam
669 450 695 532 (
699 449 766 531 j)
850 450 1016 521 Mox,
1059 448 1379 527 Imperium
1407 446 1671 524 adeptus,
1736 464 1878 506 sovr
1948 465 2209 505 cus‘rom

280 532 561 611 templum
579 531 801 609 ingens,
823 550 1007 612 seque
1028 531 1089 590 in
1114 532 1246 590 sinu
1277 528 1391 588 Dei
1410 529 1678 589 sacravit.
1763 527 2007 588 Sabinus
2025 534 2086 586 et
2110 528 2211 587 At-

281 612 451 686 ticus,
481 614 706 672 onerati
726 612 945 673 catenis
968 618 1030 672 et
1050 612 1122 670 ad
1167 609 1475 672 Vitellium
1514 607 1696 680 ducti,
1734 607 2097 689 nequaquam
2123 610 2210 668 in-

279 693 427 756 festo
454 711 728 754 sermone
782 695 1067 771 vultuque
1097 685 1496 769 excipiuntur,
1539 687 1944 761 frementibus,
1993 689 2092 767 qui
2108 692 2211 769 jus

241 785 252 792 “
279 773 488 846 caedis,
535 783 596 835 et
636 776 879 851 praemia
922 779 1146 833 navate
1195 790 1423 849 operae,
1476 770 1772 849 petebant.
1859 771 2135 834 Clamore
2172 793 2213 845 a

275 854 558 932 proximis
581 862 735 925 orto,
760 853 997 916 sordida
1012 872 1148 932 pars
1175 852 1368 930 plebis
1396 850 1750 929 supplicium
1769 850 1964 910 Sabini
1994 871 2202 931 expos·

277 935 377 1004 cit,
406 931 586 994 minas
606 934 1080 1016 adulationesque
1100 934 1327 993 miscet.
1409 932 1669 991 Stantem
1690 950 1800 1009 pro
1819 933 2093 1008 gradibus
2112 954 2210 1012 pa-

105 1062 114 1072 .
175 1087 188 1100 ἲ
273 1014 398 1074 latii
416 1013 742 1085 Vitellium,
770 1023 831 1074 et
852 1033 1066 1092 preces
1087 1022 1412 1092 parantem,
1434 1012 1774 1096 perrupere,
1796 1019 1861 1072 ut
1881 1015 2202 1076 absisteret.

279 1094 437 1154 Tum
462 1093 791 1156 confossum
818 1096 1389 1172 conlaceratumque,
1416 1100 1477 1153 et
1514 1093 1707 1171 capite
1734 1101 2027 1165 truncum,
2078 1109 2207 1154 cor·

278 1194 387 1253 pus
411 1175 606 1236 Sabini
644 1175 712 1235 in'
732 1177 1048 1237 Gemonias
1081 1177 1337 1237 trahunt.
1421 1174 1538 1233 Hic
1560 1173 1748 1247 exitus
1768 1174 1882 1234 viri
1899 1176 2052 1235 haud
2076 1196 2212 1235 sane

390 1255 617 1315 rnendL

281 1276 598 1395 spixxv·
642 1336 915 1414 Quinque
944 1342 1004 1393 et
1024 1336 1257 1411 triginta
1285 1334 1574 1414 stipendia
1609 1335 1668 1398 in
1693 1335 2023 1415 Republica
2045 1335 2203 1398 fece-

281 1424 389 1487 rat,
416 1417 574 1478 domi
615 1417 957 1495 militiaque
985 1416 1212 1480 clarus:
1258 1417 1646 1480 innocentiam
1662 1417 2063 1496 justitiamque
2084 1418 2210 1496 ejus

283 1516 398 1558 non
419 1515 737 1574 argueres:
782 1495 1070 1556 sermonis
1097 1497 1309 1558 nimius
1338 1504 1484 1555 erat.
1569 1497 1640 1557 Id
1668 1519 1843 1559 unum
1861 1509 2088 1577 septem
2114 1518 2210 1558 au·

281 1578 389 1647 nis,
419 1578 628 1654 quibus
656 1576 943 1645 Moesiam,
970 1575 1304 1647 duodecim,
1352 1576 1558 1656 quibus
1607 1578 2022 1639 Praefecturam
2049 1580 2211 1639 urbis

274 1657 544 1726 obtinuit,
580 1657 959 1718 calumniatus
987 1665 1078 1715 est
1105 1675 1327 1722 rumor.
1415 1657 1482 1715 In
1528 1659 1645 1719 fine
1669 1660 1803 1720 vitae
1832 1661 1928 1720 alii
1945 1680 2205 1737 segnem,

276 1737 442 1797 multi
483 1737 844 1797 moderatum
872 1745 934 1798 et
979 1737 1196 1798 civium
1242 1738 1529 1815 sanguinis
1577 1760 1815 1821 parcum
1867 1741 2202 1801 credidere.

277 1816 447 1891 Quod
472 1817 627 1878 inter
656 1837 855 1877 omnes
884 1819 1231 1889 constiterit,
1260 1827 1392 1878 ante
1421 1820 1811 1898 principatum
1845 1821 2208 1900 Vespasiani,

277 1899 457 1958 decus
483 1898 688 1960 domus
717 1918 902 1975 penes
930 1900 1199 1958 Sabinum
1249 1908 1394 1958 erat.
1481 1899 1722 1961 Caedem
1744 1902 1867 1980 ejus
1895 1905 2087 1962 laetam
2115 1900 2206 1961 su·

272 1982 390 2040 isse
421 1977 687 2055 Muciano
731 1980 1085 2058 accepimus.
1173 1979 1470 2040 Ferebant
1503 1983 1795 2062 plerique,
1836 1987 1852 2018 ‘
1883 1983 2055 2045 etiam
2076 1985 2209 2062 paci

279 2070 295 2097 ‘
326 2062 676 2132 consultum,
699 2061 991 2139 dirempta
1009 2061 1382 2125 aemulatione
1410 2064 1564 2122 inter
1579 2064 2029 2142 duos‚.quorum
2052 2067 2209 2125 alter

278 2152 294 2177 ‘
325 2161 391 2202 se
413 2139 654 2203 fratrem
676 2142 1076 2220 Imperatoris,
1099 2142 1249 2201 alter
1268 2152 1604 2204 consortem
1625 2145 1864 2222 Imperii
1886 2146 2207 2223 cogitaret?

277 2223 394 2282 Sed
441 2221 717 2283 Vitellius
766 2222 1056 2297 Consulis,
1093 2223 1446 2300 supplicium
1505 2228 1771 2302 poscenti
1816 2227 2040 2304 populo
2082 2245 2205 2287 res·

277 2303 412 2372 titit,
435 2303 718 2379 placatus,
742 2323 809 2363 ac
830 2305 999 2368 velut
1019 2304 1208 2362 vicem
1229 2304 1504 2374 reddens,
1524 2306 1678 2382 quod
1700 2306 2211 2384 interrogantibus,

281 2394 295 2418 ί
329 2385 458 2463 quis
497 2383 837 2461 capitolium
864 2383 1262 2454 incendisset,’
1308 2403 1374 2442 se
1418 2403 1584 2443 reum
1626 2385 1852 2449 Atticus
1895 2388 2205 2446 obtulerat.

278 2466 480 2542 anue
509 2461 900 2532 consessione,
922 2463 1047 2522 sive
1071 2471 1262 2541 aptum
1290 2465 1543 2541 tempori
1571 2464 1932 2524 mendacium
1960 2465 2090 2535 suit,
2119 2467 2208 2527 in·

277 2547 492 2606 vidium
515 2543 860 2620 crimenque
886 2545 1213 2620 agnovisse,
1242 2551 1303 2604 et
1329 2565 1362 2603 a
1381 2545 1640 2623 partibus
1669 2544 1893 2604 Vitellii
1920 2547 2211 2619 amolitus,

281 2626 605 2684 videbatur.

352 2702 623 2762 LXXVI.
672 2702 860 2763 Isdem
879 2703 1083 2763 diebus
1100 2705 1170 2763 L.
1192 2704 1484 2775 Vitellius,
1502 2703 1705 2782 positis
1721 2706 1875 2783 apud
1892 2706 2208 2768 Feroniam

270 2785 499 2852 castriS,
528 2782 758 2843 excidio
783 2783 1121 2845 Tarracinae
1160 2786 1475 2845 inminebat
1496 2808 1517 2843 ·.
1555 2787 1766 2846 clausis
1779 2787 1900 2847 illic
1927 2788 2201 2864 gladiato·

273 2865 431 2925 ribus
452 2862 911 2941 remigibusque,
927 2865 1025 2942 qui
1048 2885 1164 2925 non
1185 2865 1389 2942 egredi
1410 2864 1644 2949 muenia,
1660 2887 1854 2946 neque
1873 2867 2204 2947 periculum

277 2946 337 3009 in
356 2951 561 3024 aperto
579 2943 884 3015 audebant.
941 2945 1229 3016 Proeerat,
1254 2954 1318 3006 ut
1336 2964 1514 3023 snpra
1531 2950 2005 3020 memoravimus,
2022 2949 2058 3005 J
2063 2950 2205 3009 ulia·

272 3047 379 3087 nus
396 3026 833 3104 gladiatoribus,
855 3026 1208 3104 Apollinaris
1250 3025 1605 3105 remigibus:
1649 3030 1887 3091 lascivia
1914 3031 2206 3090 socordia-

276 3127 390 3185 que
436 3107 812 3184 gladiatorum
857 3107 1056 3184 magis,
1085 3127 1256 3185 quam
1305 3107 1535 3166 Ducum
1562 3110 1802 3182 similes,
1837 3109 1955 3170 non
1981 3110 2209 3187 vigilias

278 3206 472 3263 agere,
514 3205 628 3247 non
675 3188 861 3246 intuta
895 3189 1172 3247 moenium
1197 3188 1459 3257 firmare,
1502 3197 1676 3249 noctu
1697 3191 1912 3269 dieque
1955 3189 2098 3263 fluxi
2146 3197 2211 3250 et

279 3285 504 3326 arnoena
523 3268 759 3325 litorum
784 3276 1188 3348 personantes,
1217 3269 1278 3326 in
1320 3269 1704 3328 ministerium
1732 3271 1900 3328 luxus
1927 3269 2212 3349 dispersis

277 3346 576 3419 militibus,
597 3346 673 3405 de
688 3347 847 3407 bello
869 3353 1085 3407 tantum
1109 3350 1261 3408 inter
1280 3348 1548 3407 convivia
1568 3348 1971 3427 loquebantur.
2058 3351 2209 3411 Pau·

273 3445 374 3489 eos
403 3432 533 3487 ante
575 3425 701 3486 dies
723 3425 1071 3493 discesserat
1087 3429 1338 3506 Apinius
1361 3429 1510 3489 Tiro
1535 3451 1548 3487 :
1594 3429 1883 3509 donisque
1925 3451 1992 3491 ac
2018 3451 2205 3511 pecu·

325 3619 381 3734 ὦ
395 3620 648 3687 aramque
673 3622 1199 3686 posuit—expressam.
1269 3624 1384 3675 And
1424 3625 1625 3683 erected
1662 3641 1696 3676 a
1726 3626 1922 3675 marble
1948 3604 2096 3684 altar,
2133 3638 2202 3671 on

276 3700 327 3733 w
366 3685 446 3735 ‘ch
461 3685 550 3736 the
565 3691 703 3749 story
720 3685 777 3734 of
784 3684 862 3734 his
884 3701 1061 3750 escape
1076 3701 1184 3736 was
1202 3691 1474 3753 engraved.
