2459 4075
235 149 285 188 J.
315 151 375 189 o.
405 136 508 191 69.
687 129 1016 190 HISTOR.
1063 129 1217 189 LIB.
1264 127 1718 190 SECUNDUS.
2083 137 2153 192 91

238 282 257 309 ‘
279 276 533 334 manicas
559 276 819 353 legiones
847 277 908 334 in
940 278 1188 355 Syriam,
1219 276 1291 334 ad
1332 275 1590 335 militiam
1632 274 1964 352 opulentam
2000 265 2161 354 quie·-

242 361 259 387 ⁶
285 361 538 432 tamque,
555 355 901 414 transferret
922 379 937 429 3
980 364 1184 416 contra
1204 355 1456 434 Syriacis
1476 355 1800 431 legionibus
1823 353 2168 414 Germanica

244 440 261 466 ‘
286 434 551 503 hiberna,
573 437 726 494 coelo
755 455 822 494 ac
843 436 1139 495 laboribus
1165 437 1333 505 dura,
1362 435 1763 494 mutarentur)
1846 433 2082 509 Quippe
2110 442 2172 493 et

242 514 629 588 provinciales
650 523 819 574 sueto
846 515 1089 574 militum
1115 515 1501 575 contubernio
1521 514 1860 590 gaudebant,
1903 513 2173 589 plerique

242 594 758 653 necessitudinibus
802 602 863 653 et
889 595 1406 672 propinquitatibus
1432 593 1629 666 mixti3
1675 600 1736 651 et
1770 592 2038 650 militibus
2069 611 2173 651 ve-

247 678 453 731 tustate
482 673 900 750 stipendiorum
929 682 1062 733 nota
1088 683 1146 734 et
1165 674 1469 734 familiaria
1493 680 1681 733 castra
1715 674 1775 731 in
1800 672 2032 729 modum
2060 669 2172 731 Pe-

246 752 455 810 natium
488 751 580 831 (b)
624 753 1029 829 diligebantur.

326 827 596 890 LXXXI.
640 835 792 892 Ante
816 832 948 892 Idus
966 833 1002 888 J
1005 833 1086 892 ul.
1109 831 1276 910 Syria
1297 833 1478 892 omnis
1501 835 1559 892 in
1582 832 1791 892 eodem
1812 840 2175 891 sacramento

247 910 372 969 fuit.
456 913 780 971 Accessere
808 931 942 971 cum
982 931 1163 987 regno
1192 914 1498 980 Sohemus,
1526 912 1613 991 (c)
1655 912 1804 971 haud
1831 912 2178 988 spernendis

245 989 511 1063 viribus}
555 992 895 1061 AntiochuS,
922 992 1166 1051 vetustis
1195 991 1400 1068 opibus
1427 992 1627 1067 ingens
1650 999 1709 1049 et
1733 991 2177 1051 inservientium

249 1069 478 1145 Regum
506 1071 811 1128 ditissimus
839 1093 853 1128 :
900 1090 1036 1129 mox
1063 1089 1177 1146 per
1201 1072 1473 1128 occultos
1487 1087 1721 1127 suorum
1749 1071 1987 1129 nuncios
2016 1073 2177 1131 exci-

245 1156 341 1207 tus
366 1151 439 1204 ab
460 1150 608 1206 urbe
631 1148 911 1223 Agrippa,
937 1149 1036 1227 (d)
1071 1150 1269 1228 ignaro
1299 1149 1486 1204 adhuc
1514 1147 1780 1216 Vitellio,
1808 1149 1992 1206 celeri
2019 1152 2179 1210 navi-

245 1228 485 1303 gatione
513 1235 966 1303 properaverat:
1013 1246 1123 1285 nec
1159 1227 1386 1284 minore
1423 1226 1611 1283 animo
1644 1224 1867 1300 Regina
1889 1225 2181 1287 Berenice

248 1312 454 1383 partes
466 1306 724 1381 juvabat.
753 1305 972 1365 florens
992 1313 1161 1367 aetate
1183 1306 1506 1380 formaque,
1537 1313 1597 1363 et
1622 1304 1748 1362 seni
1777 1323 2006 1382 quoque
2034 1307 2182 1366 Ves-

251 1385 491 1463 pasiano
513 1386 934 1462 magnificentia
955 1403 1258 1448 munerum
1278 1390 1459 1461 grata.
1544 1383 1835 1460 Quidquid
1857 1385 2183 1462 provincia-

258 1484 389 1524 rum
430 1466 680 1523 adluitur
705 1451 871 1535 κυῶ,
913 1467 1048 1524 Asia
1091 1473 1263 1542 atque
1306 1464 1524 1523 Achaia
1565 1473 1755 1535 tenus,
1800 1473 2187 1544 quantumque

255 1546 542 1604 introrsus
577 1548 635 1604 in
679 1546 923 1604 Pontum
965 1553 1027 1605 et
1068 1545 1376 1604 Armenios
1409 1544 1673 1623 patescit,
1707 1544 2030 1621 juravere:
2078 1547 2184 1606 sed

256 1628 513 1683 inermes
559 1627 755 1701 Legati
801 1627 1100 1702 regebant,
1149 1627 1404 1684 nondum
1442 1626 1648 1683 ‘additis
1682 1625 2072 1701 Cappadociae
2099 1628 2183 1685 le-

257 1704 544 1779 gionibuS.
629 1706 950 1764 Consilium
976 1706 1051 1764 de
1069 1726 1290 1764 summa
1316 1723 1513 1762 rerum
1534 1705 1744 1781 Beryti
1776 1704 1861 1784 (e)
1890 1706 2181 1763 habitum:

260 1785 402 1841 illuc
431 1784 752 1855 MucianuS,
780 1804 912 1846 cum
949 1785 1176 1861 Legatis
1212 1783 1608 1860 Tribunisque
1639 1790 1700 1841 et
1725 1784 2189 1859 splendidissimo

263 1882 494 1940 quoque
523 1864 946 1924 Centurionum
974 1885 1039 1922 ac
1061 1865 1328 1934 militum,
1351 1864 1510 1921 venit
1534 1886 1547 1921 ε
1594 1866 1715 1920 εΐε
1743 1863 1778 1916 J
1785 1865 1984 1923 udaico
2014 1884 2185 1924 exer-

261 1942 383 2000 citu
409 1944 558 2002 lecta
584 1946 819 2002 decora.
905 1944 1158 2002 Tantum
1187 1944 1358 2002 simul
1406 1942 1663 2019 peditum
1705 1945 2092 2020 equitumque,
2131 1951 2191 2002 et

263 2024 657 2083 aemulantium
679 2024 833 2082 inter
853 2043 917 2080 se
945 2022 1169 2098 Regum
1186 2029 1440 2099 paratuS,
1463 2021 1722 2098 speciem
1749 2022 1993 2083 fortunae
2025 2024 2190 2080 Prin-

262 2103 467 2178 cipalis
497 2104 835 2160 effecerant.
1063 2106 1066 2107 ’
1370 2126 1397 2137 -

345 2182 651 2238 LXXXII.
698 2180 892 2236 Prima
935 2179 1079 2235 belli
1127 2197 1289 2246 cura,
1337 2196 1509 2252 agere
1550 2179 1845 2238 delectus:
1912 2200 2192 2240 revocare

260 2268 581 2321 veteranos
609 2282 623 2317 ε
654 2258 1013 2316 destinantur
1030 2258 1231 2327 validae
1253 2256 1517 2316 civitates
1538 2258 1884 2315 exercendis
1906 2279 2196 2319 armorum

266 2338 517 2400 officinis
538 2363 551 2397 ε
571 2360 576 2365 ’
599 2340 749 2415 apud
773 2337 1200 2396 Antiochenses
1225 2354 1427 2395 aurum
1465 2344 1875 2414 argentumque
1906 2338 2192 2413 signatur:

269 2439 457 2496 eaque
486 2428 688 2478 cuncta
715 2438 826 2495 per
852 2418 1090 2476 idoneos
1118 2418 1432 2488 minim-03,
1457 2420 1570 2476 suis
1599 2436 1851 2495 quaeque
1887 2418 2054 2489 lociS,
2084 2419 2196 2478 ses·

270 2500 617 2558 tinabantur.
704 2500 838 2575 Ipse
877 2497 1267 2574 Vespasianus
1299 2497 1483 2568 adire,
1512 2498 1757 2567 hortari,
1785 2499 1969 2562 bonos
2006 2500 2199 2570 laude,

270 2599 478 2654 segnes
502 2581 797 2656 exemplo,
827 2579 1068 2637 incitare
1097 2578 1331 2657 saepiuS,
1356 2597 1526 2654 quam
1552 2596 1837 2635 coercere
1859 2599 1872 2649 3
1918 2578 2057 2637 vitia
2083 2600 2198 2638 ma-

272 2660 359 2736 gis
393 2659 729 2728 amicorum,
761 2677 934 2735 quam
960 2659 1206 2717 virtutes
1234 2657 1614 2716 dissimulanS.
1698 2656 1912 2716 Multos
1950 2658 2197 2737 praefec-

274 2744 419 2799 turis
438 2746 498 2796 et
519 2738 1022 2814 procurationibus
1050 2762 1063 2811 3
1095 2739 1411 2814 plerosque
1436 2737 1720 2796 Senatorii
1739 2738 1954 2798 ordinis
1976 2742 2201 2801 honore

273 2819 587 2897 percoluit,
608 2819 870 2894 egregios
893 2819 1053 2876 viros
1078 2826 1137 2877 et
1158 2837 1293 2876 mox
1314 2836 1536 2881 summa
1555 2818 1791 2894 adeptos
1814 2842 1831 2890 3
1864 2821 2202 2894 quibusdam

277 2900 506 2958 fortuna
527 2917 637 2974 pro
663 2898 975 2958 virtutibus
999 2897 1122 2956 fuit.
1212 2899 1556 2956 Donativum
1579 2898 1743 2956 militi
1766 2918 1957 2975 neque
1980 2899 2203 2960 Mucia-

278 2999 385 3037 nus
408 2978 594 3055 prima
622 2979 926 3046 concione,
957 2977 1065 3034 nisi
1098 2979 1348 3046 modice,
1379 2977 1746 3048 ostenderat3
1790 2997 1865 3035 ne
1894 2978 2201 3054 Vespasia-

278 3078 385 3117 nus
409 3058 642 3136 quidem
660 3058 790 3133 plus
812 3055 987 3116 civilo
1006 3058 1165 3114 bello
1188 3057 1415 3126 obtulit,
1436 3075 1605 3133 quam
1628 3054 1724 3112 alii
1746 3056 1803 3112 in
1821 3076 1966 3132 pace
1991 3081 2004 3115 ι
2038 3078 2204 3135 egre-

353 3237 382 3285 b
416 3234 480 3284 In
515 3236 705 3285 modum
744 3234 1032 3285 Penatium.
1101 3237 1169 3284 As
1201 3234 1248 3282 if
1277 3234 1398 3296 they
1439 3247 1575 3280 were
1611 3231 1745 3279 their
1782 3247 1895 3280 own
1930 3235 2207 3287 household

284 3301 791 3367 gods—figuratively
811 3300 887 3348 for
906 3300 1039 3349 their
1058 3302 1247 3350 homes.
1698 3334 1701 3337 =

354 3382 379 3416 c
416 3367 659 3415 Sohemus
678 3382 782 3415 was
797 3366 920 3428 king
935 3367 993 3415 of
1004 3368 1091 3416 the
1110 3372 1338 3427 country,
1353 3365 1515 3415 called
1538 3363 1782 3427 Sophene.
1843 3390 1849 3395 ·

354 3434 389 3482 d
420 3432 637 3483 Eunus
659 3434 719 3482 ab
741 3434 859 3483 urbe
880 3432 1130 3498 Agrippa.
1197 3433 1299 3481 For
1319 3432 1469 3479 when
1485 3430 1650 3488 Titus,
1670 3430 1863 3494 having
1878 3432 2037 3480 heard
2052 3433 2110 3481 of
2121 3433 2208 3482 the

291 3498 444 3546 death
466 3498 523 3546 of
537 3498 724 3556 Galba,
736 3498 837 3546 had
852 3500 1091 3547 returned
1110 3504 1164 3547 to
1183 3498 1263 3546 his
1285 3497 1464 3554 father,
1482 3497 1708 3561 Agrippa
1734 3496 2078 3559 immediately
2097 3500 2209 3546 has-

291 3565 440 3613 tened
456 3570 509 3615 to
533 3564 712 3622 Rome,
728 3563 779 3611 in
801 3564 948 3612 order
968 3569 1020 3612 to
1041 3564 1304 3628 ing-ratiate
1319 3563 1525 3613 himself
1552 3563 1680 3611 with
1696 3563 1782 3611 the
1798 3576 1912 3610 new
1949 3562 2206 3622 Emperor.

352 3647 377 3680 e
412 3630 647 3694 Berytus,
667 3644 784 3679 now
800 3631 961 3679 Barut
974 3629 1028 3678 in
1057 3629 1329 3680 Phoenicia.
