2459 4075
208 178 260 217 ³.
285 178 345 217 c.
376 160 477 216 69.
671 153 999 214 HISTOR.
1044 153 1195 213 LIB.
1231 150 1623 212 TERTIUS.
1950 150 1955 154 ’
2036 158 2144 214 117

214 306 324 361 bus
346 302 831 366 Cremonensium
851 309 1040 360 castra
1059 319 1181 370 sua,
1200 300 1401 359 castris
1423 299 1636 357 vallum
1656 297 2132 376 circumiecerat:

210 401 399 460 eaque
426 383 779 441 munimenta
805 400 1002 440 rursus
1025 388 1267 440 auxerat
1292 403 1305 438 :
1344 397 1588 457 quorum
1606 379 1883 455 adspectu
1905 384 2135 440 haesere

211 463 491 533 victores,
513 462 752 521 incertis
783 462 1063 531 Ducibus,
1102 461 1240 537 quid
1255 460 1575 536 juberent:
1613 460 1878 535 incipere
1917 481 2135 539 oppug-

211 542 523 612 nationem,
550 540 704 601 fesso
732 541 845 619 per
868 541 1025 599 diem
1050 548 1400 617 noctemque
1443 542 1731 613 exercitu,
1772 541 2029 613 arduum,
2058 549 2139 611 et,

214 623 373 682 nullo
392 623 563 699 juxta
597 623 873 691 subsidio,
903 640 1116 697 anceps
1145 643 1158 679 :
1204 620 1294 678 sin
1336 618 1682 679 Bedriacum
1728 619 2010 692 redirent,
2050 622 2135 679 in-

214 702 546 776 tqlerandus
568 709 681 761 tam
701 702 853 776 longi
875 699 1097 760 itineris
1126 701 1314 771 labor,
1338 707 1399 759 et
1413 700 1660 759 victoria
1677 703 1748 759 ad
1774 703 2015 760 invitum
2044 720 2139 760 reu

218 784 600 842 volvebatur:
648 783 875 841 munire
917 780 1150 840 castra?
1211 779 1270 837 id
1307 799 1560 858 quoque,
1589 782 1930 859 propinquis
1959 780 2136 840 hosti·

218 855 348 934 bus,
375 860 830 928 formidolosum,
877 881 952 920 ne
994 860 1312 936 dispersos,
1341 868 1402 918 et
1444 879 1587 938 opus
1623 863 1930 921 molientes
1958 862 2143 920 subita

221 943 526 1019 eruptione
574 944 908 1001 turbarent:
956 960 1090 1018 quae
1131 957 1311 1016 super
1347 948 1556 999 cuncta
1581 942 1844 1001 terrebat
1884 944 2145 1018 ipsorum

218 1021 408 1091 mileS,
431 1022 681 1098 periculi
703 1041 877 1099 quam
904 1037 1083 1079 morae
1107 1020 1452 1096 patientior:
1498 1020 1715 1097 quippe
1743 1024 1981 1097 ingrata,
2013 1042 2145 1099 quae

221 1108 363 1171 tuta,
383 1120 459 1158 ex
480 1105 805 1159 temeritate
823 1120 958 1177 spes
983 1123 998 1157 ε
1043 1100 1350 1175 omnisque
1370 1099 1564 1158 caedes
1590 1110 1652 1159 et
1671 1101 1911 1160 vulnera
1938 1109 1999 1160 et
2018 1121 2141 1160 sau-

221 1181 346 1256 guis
376 1180 644 1238 aviditate
673 1180 892 1256 praedae
919 1180 1325 1256 pensabantur.
1806 1217 1809 1218 ν

303 1258 553 1317 XXVII.
595 1258 728 1317 Huc
757 1259 1052 1317 inclinavit
1071 1257 1373 1327 Antonius,
1413 1265 1430 1291 ‘
1449 1257 1718 1334 cingique
1746 1258 1958 1316 vallum
1979 1277 2147 1318 coro·

225 1349 241 1372 ⁵
264 1340 356 1396 na’
389 1339 601 1415 jussit:
647 1340 837 1415 primo
877 1339 1092 1413 sagittis
1120 1337 1391 1413 saxisque
1419 1338 1639 1396 eminus
1679 1339 1996 1409 certabant,
2032 1358 2148 1397 ma—

210 1420 351 1496 jore
389 1419 793 1477 Flavianorum
820 1417 1107 1495 pernicie,
1135 1419 1195 1476 in
1219 1435 1383 1493 quos
1423 1417 1543 1476 tela
1566 1419 1827 1494 desuper
1861 1418 2149 1477 libraban-

58 3181 76 3221 KV

123 3290 128 3323 ᾼ-
125 3222 130 3241 ..
119 3146 126 3173 -u
118 3012 128 3135 nu--w

125 3420 132 3457 1

123 3464 132 3555 Ι

224 1505 319 1557 tur
342 1522 355 1557 :
402 1517 536 1556 mox
554 1500 765 1557 vallum
788 1506 1101 1575 portasque
1123 1497 1444 1573 legionibus
1468 1498 1757 1567 adtribuit,
1779 1504 1841 1557 ut
1863 1497 2151 1557 discretus

85 1581 106 1596 “’
149 1641 156 1646 ,
226 1580 394 1637 labor
419 1578 599 1652 fortes
627 1579 980 1656 ignavosque
1001 1578 1403 1654 distingueret,
1428 1584 1601 1654 atque
1628 1578 1755 1655 ipsa
1780 1579 2153 1637 contentione

224 1659 456 1720 decoris
485 1659 963 1717 accenderentur.
1050 1658 1322 1720 Proxima
1352 1657 1728 1717 Bedriacensi
1764 1657 1876 1716 viae
1921 1658 2154 1717 tertiani

228 1738 650 1816 septimanique
670 1755 974 1824 sumpsere
995 1760 1016 1804 ‚z
1062 1738 1398 1798 dexteriora
1411 1739 1551 1795 valli
1580 1745 1786 1797 octava
1814 1756 1881 1796 ac
1909 1738 2157 1815 septima

229 1815 543 1877 Claudiana
570 1842 583 1877 ε
629 1805 1129 1877 tertiadecimanos
1160 1819 1229 1876 ad
1257 1817 1589 1876 Brixianam
1615 1816 1707 1908 (o)
1734 1825 1962 1894 portam
1988 1817 2157 1895 inpe·

229 1908 319 1959 tus
362 1899 511 1957 tulit.
598 1898 859 1957 Paullum
895 1898 1028 1957 inde
1069 1917 1273 1968 morae,
1301 1897 1433 1956 dum
1463 1916 1497 1955 e
1525 1898 1805 1975 proximis
1836 1898 1984 1974 agris
2013 1899 2154 1974 ligo-

229 1988 359 2048 nes,
407 1979 697 2051 dolabras,
746 1986 808 2038 et
853 1979 949 2037 alii
995 1977 1197 2048 falce5‚
1240 1979 1537 2055 scalasque
1583 1984 1965 2038 convectant:
2012 1986 2156 2050 tum,

233 2059 401 2120 elatis
439 2078 620 2137 super
645 2059 838 2137 capita
872 2059 1073 2129 scutis,
1099 2058 1281 2116 densa
1305 2059 1590 2117 testudine
1622 2058 1954 2117 succedunt.
2004 2077 2013 2083 ·
2040 2057 2159 2116 Ro-

231 2159 417 2201 manas
446 2140 740 2216 utrimque
761 2146 917 2198 artes
933 2161 953 2207 3
983 2137 1260 2225 ae(pondera
1286 2155 1557 2195 saxorum
1596 2137 1896 2196 Vitelliani
1923 2139 2162 2214 p'rovol·

233 2228 414 2291 vunt3
458 2219 755 2295 disjectam
783 2214 1223 2295 fluitantemque
1242 2217 1591 2291 testudinem
1621 2217 1837 2275 lanceis
1860 2217 2162 2295 contisque

234 2305 600 2359 scrutantur:
645 2299 855 2370 donec,
878 2299 1064 2357 soluta
1083 2296 1361 2374 compage
1384 2304 1700 2366 scutorum,
1730 2315 2049 2373 exsangues
2068 2305 2165 2357 aut

233 2381 465 2438 laceros
492 2385 936 2454 prosternerent
962 2380 1139 2437 multa
1158 2397 1290 2437 cum
1310 2384 1522 2459 strage.

319 2457 604 2518 XXVIII.
650 2460 978 2518 Incesserat
1016 2458 1323 2530 cunctatiO,
1352 2457 1409 2516 ni
1454 2432 1655 2515 Duces
1697 2455 1852 2514 fesso
1884 2455 2085 2525 militi„
2103 2463 2165 2514 et
2204 2506 2209 2513 .
2276 2456 2281 2461 ’

238 2539 405 2599 velut
450 2538 647 2597 inritas
676 2539 1111 2598 exhortationes
1147 2538 1440 2607 abnuenti,
1479 2537 1829 2595 Cremonam
1854 2547 2163 2609 monstras-

242 2625 391 2678 sent.
477 2618 762 2677 Hormine
807 2619 880 2677 ad
915 2618 1228 2695 ingenium,
1267 2626 1333 2677 ut
1376 2616 1628 2676 Messala
1650 2616 1844 2686 tradit,
1873 2635 1945 2675 an
1971 2615 2167 2695 potior

242 2706 445 2758 auctor
461 2699 535 2757 sit
555 2699 627 2756 C.
660 2698 899 2771 Plinius,
922 2698 1022 2778 qui
1042 2698 1353 2757 Antonium
1381 2697 1622 2768 incusat,
1661 2697 1812 2757 haud
1840 2694 2011 2756 facile
2049 2696 2164 2756 dis-

241 2777 577 2837 creverim:
639 2779 768 2847 nisi,
815 2780 970 2855 quod
1005 2797 1197 2855 neque
1245 2779 1548 2850 Antonius,
1586 2795 1781 2855 neque
1824 2775 2105 2854 Hormus,
2135 2795 2170 2836 a

241 2856 396 2916 fama
420 2855 655 2931 vitaque
698 2874 819 2927 sua,
862 2858 1122 2934 quamvis
1159 2860 1414 2935 pessimo
1442 2857 1676 2935 flagitiO,
1704 2858 2166 2936 degeneravere.

244 2934 384 2994 Non
400 2932 526 3009 jam
552 2934 806 3008 sanguis,
846 2954 1037 3014 neque
1064 2940 1309 2998 vulnera
1332 2939 1730 3008 morabantur,
1755 2938 1897 3015 quin
1925 2939 2166 2997 subrue·
2268 2932 2275 2937 ’

244 3019 385 3075 rent
407 3011 641 3082 vallum,
664 3019 1084 3090 quaterentque
1112 3024 1348 3091 portas;
1391 3016 1571 3077 innixi
1598 3017 1859 3076 humeris
1888 3023 1948 3074 et
1985 3034 2169 3094 super

242 3095 517 3155 iteratam
567 3090 915 3152 testudinem
960 3092 1325 3166 scandentes,
1363 3102 1711 3172 prensarent
1754 3095 2006 3155 hostium
2052 3096 2170 3156 tela

244 3172 635 3249 brachiaque:
678 3171 891 3250 integri
916 3191 1045 3232 cum
1066 3174 1296 3246 sauciis,
1324 3176 1646 3236 semineces
1669 3193 1797 3234 cum
1827 3175 2173 3253 exspiranti-

246 3255 379 3323 bus,
421 3253 759 3330 volvuntur,
797 3253 963 3315 varia
994 3254 1365 3333 pereuntium
1398 3253 1585 3317 forma
1623 3262 1685 3317 et
1726 3257 1879 3316 omni
1924 3256 2171 3335 imagine

253 3333 547 3393 mortium.
921 3368 934 3381 ·

333 3411 554 3471 XXIX.
597 3412 963 3475 Acerrimum
995 3411 1260 3493 septima:
1304 3415 1613 3495 tertiaeque
1647 3415 1942 3495 legionum
1982 3421 2168 3477 certa·

254 3511 428 3555 men:
475 3500 535 3553 et
561 3493 695 3554 Dux
734 3495 1037 3568 Antonius,
1079 3513 1213 3554 cum
1259 3495 1503 3558 delectis
1543 3496 1935 3571 auxiliaribus,
1964 3497 2171 3558 eodem

1574 3612 1629 3645 pst?
1712 3628 1723 3643 ,e
1818 3636 1826 3643 ,

322 3684 352 3721 o
384 3669 597 3742 Briaeta,
616 3686 650 3726 u
668 3673 809 3726 town
827 3671 882 3727 in
903 3670 1050 3742 tuly,
1071 3671 1441 3799 nowlgreseioe.
1547 3666 1559 3697 ·’
