2459 4075
620 0 671 3 Ἢ
694 0 721 3 ”
744 0 2457 40 ΨῄἮ-ῂἮ--Ἥ

325 210 378 248 J.
412 207 469 249 c.
499 193 597 248 69.
790 185 1116 248 HISTOR.
1166 185 1321 247 LlB.
1366 185 1813 249 SECUNDUS.
2163 195 2243 248 7¹7

334 334 629 394 ‘ludibrio
678 333 980 394 futurum)
1065 333 1295 393 Tulere
1343 351 1555 412 corpus
1613 331 1917 392 Praetoriae
1956 332 2252 408 cohortes,

327 433 460 474 cum
487 414 748 473 laudibus
775 421 837 473 et
885 414 1159 484 lacrimis,
1184 414 1395 472 vulnus
1421 430 1737 490 manusque
1766 411 1894 488 ejus
1917 414 2251 473 exosculan-

327 500 435 552 tes.
520 494 769 565 Quidam
820 494 1085 568 militum,
1116 495 1287 571 juxta
1335 512 1540 568 rogum
1585 491 1946 550 interfecere
1993 509 2094 563 se3
2138 511 2254 552 non

326 591 497 643 noxa,
537 592 729 650 neque
758 575 835 632 ob
863 580 1106 645 metum,
1132 572 1238 634 sed
1268 574 1635 632 aemulatione
1661 571 1896 630 decoris
1925 578 1987 629 et
2011 534 2254 631 ca’ritate

253 703 262 708 -
323 652 646 729 Principis:
692 671 758 711 ac
895 659 994 713 tea
1016 654 1346 729 promiscue
1366 652 1660 722 Bedriaci,
1680 650 1995 710 Placentia
2014 649 2256 728 aliisque

324 733 384 790 in
403 731 631 803 castris,
658 733 789 790 cele
833 741 1019 792 ratum
1044 732 1104 790 id
1140 753 1319 809 genus
1340 733 1563 792 mortis.
1644 694 1870 790 ’Othoni
1917 731 2257 808 sepulcrum

331 818 693 871 exstructum
721 820 808 870 est
828 812 1120 873 modicum
1147 820 1208 871 et
1233 831 1577 872 mansurum.

400 890 468 947 L.
511 891 684 950 Hunc
731 892 867 950 vitae
914 892 1091 950 finem
1118 892 1316 951 habuit
1353 893 1601 969 septimo
1629 897 1691 950 et
1735 889 2032 949 tricesimo
2068 888 2254 949 aetatis

313 987 494 1029 anno.
580 969 761 1045 Origo
809 972 896 1029 illi
922 990 957 1032 e
985 970 1301 1049 municipio
1337 971 1676 1030 Ferentino.
1761 969 1939 1029 Pater
1964 968 2251 1028 Consula-

328 1048 444 1106 ris·
491 1069 631 1108 avus
679 1050 1029 1109 Praetorius:
1089 1058 1415 1110 maternum
1460 1068 1639 1126 genus
1682 1048 1869 1124 inpar,
1911 1068 2022 1107 nec
2061 1056 2258 1107 tamen

325 1127 709 1185 indecorum.
754 1129 1003 1203 pueritia
1051 1148 1117 1186 ac
1160 1130 1426 1204 juventa,
1489 1128 1738 1203 qualem,
1792 1129 2254 1205 monstravimus,

315 1205 546 1263 duobus
575 1204 947 1276 facinoribus,
964 1203 1062 1285 (j)
1085 1208 1272 1265 altero
1300 1205 1759 1282 flagitiosissimo,
1785 1195 1970 1263 altero
1998 1208 2256 1282 egregio,

329 1283 666 1342 tantundem
713 1284 862 1360 apud
930 1292 1199 1361 posteros
1249 1286 1463 1345 meruit
1512 1286 1685 1343 bonae
1738 1282 1959 1351 samm,-
1955 1294 2253 1360 quantum

322 1361 513 1420 malae.
602 1362 682 1421 Ut
708 1364 1059 1440 conquirere
1087 1363 1366 1434 fabulosa,
1409 1372 1469 1423 et
1514 1362 1664 1421 fictis
1713 1362 2013 1419 oblectare
2054 1364 2254 1453 legen·

321 1441 463 1500 tium
492 1441 731 1512 animos,
746 1445 963 1519 procul
988 1444 1273 1518 gravitate
1299 1443 1478 1519 coepti
1505 1440 1703 1518 operis
1745 1439 2135 1501 crediderim.
2178 1441 2259 1503 ita

322 1520 568 1594 vulgatis
595 1522 933 1597 traditisque
977 1522 1219 1582 demere
1261 1523 1434 1582 tidem
1478 1540 1595 1580 non
1635 1521 1833 1579 ausim.
1921 1519 2105 1592 ‘Die,
2136 1542 2253 1600 quo

320 1605 335 1635 ⁸
367 1598 638 1658 Bedriaci
657 1601 1009 1670 certabatur,
1038 1621 1206 1662 avem
1233 1602 1522 1663 invisitata
1563 1600 1765 1677 specie
1813 1599 1965 1677 apud
1995 1600 2247 1680 Regium
2275 1665 2278 1672 ,

321 1686 338 1715 ·
369 1678 652 1755 Lepidum
678 1676 771 1757 (k)
801 1681 1027 1739 celebri
1058 1682 1207 1741 loco
1243 1681 1619 1749 consedisse:
1649 1679 1856 1738 incolae
1897 1689 2246 1754 memorant,

323 1766 479 1815 ‘nec
518 1757 728 1816 deinde
753 1765 906 1818 coetu
935 1759 1254 1829 hominum,
1283 1768 1380 1821 aut
1405 1758 1996 1820 circumvolitantium
2024 1761 2244 1831 alitum,

321 1836 629 1896 ‘territam
656 1838 980 1914 pulsamve,
1005 1839 1193 1898 donec
1221 1839 1381 1899 Otho
1407 1858 1473 1900 se
1500 1840 1629 1916 ipse
1670 1837 2072 1898 interficeret·
2117 1848 2241 1899 tum

321 1915 612 1976 ‘ablatam
634 1936 707 1975 ex
725 1918 948 1976 oculis.
994 1925 1050 1977 et
1067 1925 1336 2011 tempora
1356 1917 1775 2006 reputantibus,
1799 1916 2020 1977 initium
2041 1917 2245 1979 finem-

325 2002 484 2073 ·que
512 1996 774 2056 miraculi
801 2014 937 2056 cum
967 1995 1215 2057 Othonis
1245 2000 1402 2058 exitu
1423 1995 1851 2074 compertissess

403 2076 502 2133 LI.
546 2076 615 2133 In
633 2074 843 2133 funere
870 2076 1021 2150 ejus,
1052 2085 1268 2145 novata
1316 2080 1475 2136 luctu
1503 2097 1572 2134 ac
1599 2076 1806 2132 dolore
1834 2075 2074 2135 militum
2100 2077 2254 2135 sedi-

322 2155 444 2214 tio:
491 2172 603 2212 nec
628 2159 778 2221 erat,
807 2153 907 2229 qui
935 2161 1265 2212 coerceret.
1348 2156 1434 2211 Ad
1463 2153 1808 2227 Verginium
1850 2153 2031 2223 versi,
2059 2155 2252 2226 modo,

317 2236 337 2269 ⁴
366 2240 429 2292 ut
476 2231 776 2309 reciperet
823 2231 1185 2308 Imperium?
1215 2251 1389 2301 nunc,
1418 2238 1526 2289 ‘ut
1553 2230 1840 2306 legatione
1883 2197 2035 2308 apud
2058 2232 2249 2292 Caeci·

321 2320 339 2349 ·
372 2329 505 2369 nam
527 2329 595 2369 ac
624 2309 932 2382 Valentem
957 2308 1344 2386 fungeretur?
1385 2310 1714 2370 minitantes
1759 2311 2016 2369 orabant.
2101 2311 2255 2372 Ver—

316 2391 524 2468 ginius,
563 2407 675 2468 per
721 2409 984 2450 aversam
1030 2390 1230 2452 domus
1275 2399 1501 2469 partem
1548 2377 1742 2449 furtim
1784 2387 2117 2464 degressus,
2164 2392 2250 2449 in·

320 2477 658 2548 rumpentes
703 2469 1005 2530 frustratus
1047 2476 1155 2529 est.
1242 2471 1480 2542 Earum,
1512 2489 1640 2548 quae
1689 2469 1940 2530 Brixelli
1991 2477 2251 2544 egerant,

320 2549 646 2614 cohortium
668 2567 880 2626 preces
904 2548 1160 2610 Rubrius
1188 2551 1391 2610 Gallus
1418 2552 1566 2611 tulit.
1651 2548 1728 2617 Et
1747 2548 1920 2609 venia
1936 2548 2123 2608 statim
2145 2549 2249 2608 im-

316 2636 563 2706 petram,
602 2628 1055 2688 concedentibus
1078 2630 1149 2687 ad
1193 2632 1500 2702 victorem,
1522 2649 1634 2707 per
1661 2628 1926 2719 Flavium
1953 2628 2248 2706 Sabinum,

321 2709 393 2769 iis
419 2709 625 2786 copiIs,
656 2708 865 2787 quibus
893 2707 1228 2784 praefuerat.

404 2788 534 2847 LII
579 2770 776 2847 Posito
804 2788 1019 2864 ubique
1046 2787 1230 2860 bello,
1258 2809 1459 2866 magna
1485 2807 1619 2867 pars
1648 2788 1888 2849 Senatus
1916 2795 2255 2849 extremum

323 2866 638 2926 discrimen
658 2867 814 2939 adiit,
848 2865 1115 2945 profecta
1150 2888 1286 2929 cum
1322 2868 1557 2928 Othone
1596 2869 1666 2928 ab
1695 2869 1865 2939 urbe,
1910 2869 2045 2928 dein
2074 2867 2250 2927 Muti—

324 2965 417 3004 nae
441 2946 680 3005 relicta.
725 2948 865 3006 illuc
907 2947 1152 3006 adverso
1188 2949 1264 3006 de
1292 2949 1504 3027 proelio
1533 2948 1821 3007 adlatum.
1866 2948 1971 3006 sed
2013 2946 2249 3017 milites,

323 3031 390 3083 ut
410 3022 614 3083 falsum
640 3043 937 3086 rumorem
958 3026 1356 3098 adversantes,
1386 3028 1541 3106 quod
1568 3025 1855 3085 insensum
1894 3025 2116 3084 Othoni
2146 3026 2249 3084 Se-

321 3111 517 3163 natum
545 3104 989 3174 arbitrabantur,
1037 3107 1331 3165 custodire
1357 3123 1681 3175 sermoneS,
1716 3105 1941 3164 vultum
1967 3104 2247 3162 habitum-

325 3201 439 3261 que
480 3185 719 3246 trahere
766 3185 827 3243 in
873 3184 1168 3242 deterius:
1212 3184 1494 3244 conviciis
1548 3190 1846 3260 postremo
1901 3201 1966 3241 ac
2014 3184 2248 3260 probris

324 3282 586 3323 caussam
633 3271 695 3324 et
734 3264 957 3324 initium
1004 3263 1181 3323 caedis
1210 3264 1584 3342 quaerebant.
1630 3281 1759 3322 cum
1813 3262 1956 3320 alius
2009 3263 2249 3340 insuper

320 3349 508 3402 metus
526 3342 896 3404 Senatoribus
916 3344 1176 3415 instaret,
1199 3363 1297 3414 ne,
1330 3342 1663 3420 praevalidis
1688 3343 1812 3419 jam
1841 3339 2044 3401 Vitelii
2069 3343 2246 3420 parti-

321 3421 453 3493 bus,
501 3430 842 3484 cunctanter
868 3422 1166 3500 accepisse
1210 3423 1516 3483 victoriam
1559 3422 1984 3484 crederentur.
2028 3421 2107 3480 ita
2133 3430 2250 3482 tre-

377 3615 559 3682 J'The
573 3617 779 3667 murder
800 3618 858 3668 of
871 3618 1057 3677 Galba,
1079 3619 1176 3668 and
1196 3617 1275 3668 his
1297 3633 1411 3668 own
1427 3618 1596 3668 death.
1784 3612 1803 3617 ⁸

377 3633 419 3737 R
449 3681 671 3751 Regium
689 3683 952 3752 Lepidum,
976 3699 1092 3738 now
1106 3684 1269 3739 called
1298 3684 1510 3752 Boggio,
1525 3689 1612 3736 not
1630 3684 1706 3735 far
1722 3683 1852 3735 from
1873 3675 2185 3732 Brixellum,
