2459 4075
307 153 365 199 α.
397 158 455 197 c.
487 142 584 198 69.
787 134 1112 200 ms'roa.
1161 136 1316 200 Lm.
1358 136 1806 216 SECUNDUS.
2145 134 2223 194 69

315 288 337 314 ‘
360 279 524 354 fama,
545 277 686 346 cum*
716 284 1010 347 Moesiacis
1037 285 1222 364 copiis
1246 283 1445 345 adfore
1479 307 1493 344 ε
1536 292 1658 345 tum
1707 299 1908 342 rursus
1943 279 2228 358 delibera-

315 365 334 392 ‘
355 366 564 434 turum,
587 371 668 436 et,
695 365 744 423 si
762 369 1034 443 proelium
1055 367 1392 444 placuisset,
1415 365 1593 425 auctis
1610 364 1834 423 viribus
1863 361 2229 420 certaturos?

386 440 668 502 XXXIII.
713 446 1046 506 Accedebat
1084 448 1384 508 sententiaa
1441 444 1685 503 Paullini
1728 440 1951 503 Marius
1979 441 2227 498 Celsust

315 520 332 551 ι
360 518 517 580 idem
552 525 795 601 placere
835 526 1024 585 Annio
1050 525 1268 599 Gallo,’
1308 544 1526 606 paucos
1555 540 1684 583 ante
1720 524 1848 582 dies
1884 523 2052 598 lapsu
2095 521 2232 597 equi

309 598 563 673 adffictQ
585 601 765 675 misdi,
790 607 889 683 qui
916 607 1219 667 consilium
1248 609 1375 685 ejus
1403 606 1862 673 sciscitarentur,
1886 601 2229 659 retulerant.

311 671 470 738 Otho
509 700 729 759 pronus
770 687 839 743 ad
880 685 1294 746 decertandum
1321 712 1335 746 ι
1397 685 1581 746 frater
1637 684 1765 762 ejus
1819 680 2112 750 Titianus,
2175 686 2236 738 et

313 758 638 821 Praefectus
660 761 930 824 Praetorii
961 765 1271 836 Proculus,
1300 767 1573 844 inperitia
1598 769 2011 844 properantes,
2043 769 2061 794 ‘
2086 760 2235 819 For-

271 903 278 910 ,
312 845 329 872 ‘
358 846 553 901 tunam
582 849 642 900 et
680 841 840 902 Deos
867 854 928 903 et
955 843 1187 904 Numen
1220 846 1467 906 Othonis
1495 846 1697 906 adesse
1725 841 2004 911 consiliis,
2032 838 2234 898 adfore

310 925 326 951 ⁴
355 920 699 994 conatibus,’
740 925 1141 982 testabantur:
1200 945 1318 984 neu
1351 927 1476 1000 quis
1529 925 1758 985 obviam
1802 923 1895 982 ire
1929 920 2236 980 sententiae

309 1000 575 1071 auderet,
612 1003 671 1060 in
699 1001 1080 1061 adulationem
1119 1013 1550 1064 concesserant.
1636 1004 1946 1080 Postquam
1987 997 2234 1075 pugnari

313 1080 615 1155 placitum,
647 1080 980 1138 ‘interesse
1024 1099 1233 1155 pugnas
1279 1084 1725 1156 Imperatorem,
1767 1101 1836 1137 an
1881 1079 2085 1155 seponi
2108 1096 2235 1134 me·

318 1166 333 1190 ‘
360 1158 477 1214 lius
497 1157 1087 1227 foret,’·dubitavere.
1173 1157 1442 1215 Paullino
1478 1166 1538 1217 et
1556 1159 1738 1214 Celso
1749 1158 1870 1232 jam
1896 1175 2009 1214 non
2027 1156 2233 1214 adver-

287 1236 600 1305 santibus,
660 1255 737 1295 ne
792 1236 1128 1314 Principem
1194 1236 1494 1313 objectare
1547 1235 1828 1314 periculis
1873 1236 2235 1304 viderentur,

311 1316 493 1375 iidem
521 1316 607 1374 illi
643 1315 957 1376 deterioris
973 1316 1203 1375 consilii
1237 1322 1510 1375 auctores
1532 1314 1878 1394 perpulere,
1905 1320 1972 1371 ut
2004 1312 2234 1370 Brixel-

312 1402 328 1429 ‘
359 1395 482 1454 lum
537 1393 620 1475 (s)
687 1395 1065 1461 concederet,
1116 1417 1205 1467 ac,
1255 1395 1444 1455 dubiis
1498 1395 1843 1475 proeliorum
1902 1400 2232 1469 exemptus,

316 1480 332 1507 ‘
358 1493 595 1535 summae
620 1493 819 1534 rernm
857 1483 918 1534 et
959 1476 1199 1554 Imperii
1227 1495 1294 1535 se
1335 1477 1354 1535 i
1400 1495 1528 1535 sum
1563 1474 1946 1534 reservaret.'
2032 1472 2088 1531 Is
2121 1473 2240 1550 pri-

315 1574 442 1613 mus
478 1556 603 1613 dies
642 1555 994 1615 Othonianas
1022 1565 1217 1635 partes
1262 1496 1523 1615 addixit:
1570 1573 1818 1632 namque
1861 1560 2078 1613 etcum
2109 1554 2237 1629 ipso

320 1634 733 1694 Praetoriarum
755 1636 1084 1694 cohortium
1114 1644 1174 1696 et
1190 1637 1623 1714 speculatorum
1644 1636 2023 1712 equitumque
2052 1632 2242 1691 valida

197 1716 202 1719 ’
311 1732 508 1774 manus
551 1715 838 1786 discessit,
886 1723 946 1774 et
994 1717 1419 1775 remanentium
1461 1714 1677 1774 fractus
1704 1716 1926 1773 animus
1951 1735 1964 1771 ε
2011 1710 2240 1788 quando

227 1805 236 1808 ’
315 1796 569 1873 suspecti
595 1796 799 1866 duces,
829 1804 890 1854 et
910 1803 975 1855 ut
1000 1796 1218 1855 Othoni
1250 1796 1348 1854 uni
1376 1796 1530 1872 apud
1558 1796 1798 1853 militem
1828 1794 1996 1861 fides,
2016 1792 2150 1849 dum
2181 1797 2242 1849 et

310 1874 436 1951 ipse
457 1894 573 1934 non
604 1873 712 2030 ni3i
742 1876 1018 1935 militibus
1056 1876 1270 1946 credit,
1293 1875 1542 1952 imperia
1575 1875 1790 1934 ducum
1809 1875 1869 1933 in
1890 1875 2116 1932 incerto
2140 1890 2234 1931 re·-

314 1954 354 2011 li
401 1964 583 2014 uerat.
645 1964 667 2010 t

360 1955 665 2092 qXXXIXS.
714 2032 879 2092 Nihil
908 2052 1115 2092 eorum
1153 2032 1501 2091 Vitellianos
1528 2030 1783 2105 fallebat,
1810 2037 2061 2106 crebris,
2088 2044 2154 2094 ut
2179 2037 2238 2096 in

309 2113 473 2173 civili
500 2115 685 2184 bello,
712 2113 1040 2185 transfugiis
1063 2135 1078 2170 ι
1111 2120 1173 2169 et
1213 2112 1647 2185 exploratores,
1674 2131 1818 2170 cura
1841 2114 2074 2173 diversa
2098 2115 2239 2173 scis·

308 2192 548 2261 citandi,
576 2210 678 2250 sua
713 2211 831 2250 non
879 2190 1262 2249 occultabant.
1347 2188 1547 2259 Quieti
1569 2189 1888 2267 intentique
1917 2192 2155 2252 Caecina
2175 2213 2241 2254 ac

307 2272 550 2340 Valens,
575 2271 801 2348 quando
829 2270 1011 2328 hostis
1033 2267 1399 2348 inprudentia
1427 2274 1648 2339 rueret,
1673 2271 1826 2345 quod
1852 2270 1984 2329 loco
2011 2273 2238 2350 sapien-

305 2351 405 2409 tiae
427 2358 538 2420 est,
568 2352 811 2411 alienam
864 2349 1158 2409 stultitiam
1207 2348 1687 2424 opperiebantur,
1742 2349 2013 2409 inchoato
2060 2360 2239 2429 ponte

308 2431 615 2490 transitum
655 2430 799 2488 Padi
837 2430 1192 2499 simulantes,
1256 2428 1536 2487 adversus
1583 2430 1908 2506 oppositam
1957 2431 2237 2507 gladiato·

309 2528 441 2569 rum
465 2510 564 2589 (u)
612 2529 867 2580 manum,
889 2529 956 2568 ac
980 2530 1054 2569 ne
1079 2510 1342 2586 ipsorum
1361 2509 1532 2567 miles
1559 2527 1736 2584 segne
1785 2509 1965 2569 otium
1987 2519 2235 2571 tereret.

312 2588 531 2659 Names,
560 2593 688 2668 pari
723 2592 880 2649 inter
898 2608 964 2648 se
991 2589 1203 2667 spatio,
1247 2588 1452 2646 validis
1479 2588 1771 2666 utrimque
1800 2592 2061 2651 trabibus
2097 2611 2236 2651 con-

307 2687 499 2739 nexae,
529 2671 834 2730 adversum
873 2669 931 2727 in
959 2668 1171 2728 flumen
1197 2667 1612 2745 dirigebantur,
1646 2669 1820 2746 jactis
1843 2690 2024 2749 super
2056 2691 2228 2733 anco·

308 2749 411 2820 ris,
464 2769 595 2827 quae
651 2749 980 2808 firmitatem
1029 2748 1219 2826 pontis
1274 2749 1661 2808 continerent.
1747 2751 1860 2809 Sed
1891 2771 2235 2812 ancorarum

308 2824 479 2885 funes
516 2848 630 2887 non
657 2829 877 2888 extenti
920 2828 1238 2897 fluitabant,
1283 2838 1368 2900 ut,
1414 2837 1760 2906 augescente
1794 2828 2055 2902 flumine,
2084 2831 2230 2907 inof7

308 2904 506 2964 sensus
553 2909 694 2966 ordo
740 2910 973 2968 navium
1028 2908 1429 2968 adtolleretur.
1517 2908 1841 2969 claudebat
1881 2918 2119 2988 pontem
2145 2911 2230 2969 in·
2298 2984 2305 2991 ἡ

374 3180 398 3212 s
430 3162 733 3229 Brixellum,
754 3167 842 3215 the
864 3170 1000 3215 town
1030 3163 1204 3213 where
1227 3163 1365 3214 Otho
1384 3164 1544 3215 killed
1563 3164 1770 3214 himself
1792 3165 1924 3216 aster
1943 3167 2031 3216 the
2067 3165 2234 3218 defeat

309 3227 364 3277 at
386 3229 686 3281 Bedriacum
700 3250 719 3288 ‚-
754 3246 869 3280 now
884 3231 1045 3280 called
1064 3229 1302 3290 Braello,
1322 3230 1374 3278 in
1394 3230 1482 3280 the
1498 3231 1732 3294 territory
1752 3232 1811 3281 of
1826 3234 2033 3299 Reggio.

374 3301 394 3343 t
427 3293 541 3345 The
572 3297 779 3346 soldiers
800 3312 937 3347 were
960 3295 1214 3358 faithfully
1235 3297 1468 3347 attached
1498 3303 1550 3347 to
1572 3298 1724 3356 Otho,
1758 3297 1856 3347 but
1890 3298 2165 3364 suspicions.
2182 3305 2233 3349 ot

304 3357 440 3406 their
462 3361 605 3409 other
635 3363 879 3427 generals,
910 3380 963 3413 so
983 3363 1137 3411 much
1157 3377 1211 3410 so
1242 3363 1354 3412 that
1369 3362 1498 3412 after
1520 3360 1656 3413 Otho
1674 3364 1766 3425 lest
1785 3366 1871 3414 the
1893 3379 2053 3428 army,
2073 3378 2138 3412 no
2158 3366 2232 3414 of-

306 3422 426 3473 ficer
442 3427 698 3476 remained
716 3428 836 3477 who
854 3429 1001 3478 could
1024 3442 1259 3490 preserve
1280 3427 1420 3477 striet
1453 3429 1840 3480 subordination.

370 3505 410 3539 u
442 3490 489 3539 lt
506 3490 596 3540 has
617 3492 748 3542 been
777 3495 984 3557 already
1004 3492 1290 3542 mentioned
1324 3495 1435 3549 that
1462 3495 1598 3543 Otho
1632 3495 1736 3543 had
1755 3496 1807 3544 in
1842 3497 1922 3544 his
1952 3507 2097 3552 army
2128 3497 2233 3553 two

308 3552 556 3604 thousand
574 3558 873 3621 gladiator-az
908 3577 941 3609 a
959 3558 1257 3622 disgracefiil
1271 3559 1556 3624 expedient,
1570 3576 1680 3622 says
1694 3558 1918 3616 Tacitus,
1929 3558 2027 3606 but
2045 3556 2097 3602 in
2115 3552 2235 3600 civil

306 3630 439 3670 wass
461 3622 678 3687 adopted
696 3625 767 3688 by
781 3627 869 3676 the
890 3625 1050 3675 ablest
1066 3624 1313 3688 generals.
1382 3625 1478 3674 See
1494 3624 1593 3673 this
1611 3625 1764 3682 book,
1793 3638 1833 3670 s.
1848 3621 1922 3670 xi·
1969 3678 1978 3686 θ
