2459 4075
261 155 318 193 J.
352 153 409 193 c.
441 140 541 198 69.
765 132 1095 195 HISTOR.
1138 135 1293 196 LIB.
1339 135 1720 196 TERTIUS.
2094 137 2207 195 113

264 280 410 341 sicis
434 281 804 342 auxiliaribus
826 283 1186 361 adsequitur,
1213 305 1360 362 quos
1383 283 1601 342 militiae
1626 282 1977 358 legionariis,
2007 303 2207 360 quam-

268 382 446 440 quam
485 359 692 440 raptim
720 366 946 434 ductoe,
983 368 1308 444 aequabant
1396 367 1480 424 Ita
1510 367 1722 422 mixtus
1767 381 1950 441 eques
1994 365 2206 439 pedes·

268 462 388 521 que
406 463 626 521 rupere
650 447 944 521 legionum
967 467 1187 538 agmen.
1277 447 1350 505 Et
1371 448 1701 524 propinqua
1720 444 2209 506 Cremonensium

266 526 506 594 moeniu,
534 536 746 604 quanto
777 529 906 602 plus
935 529 1062 602 spei
1092 527 1160 585 ad
1190 528 1484 603 effugium,
1513 537 1669 586 tanto
1697 528 1982 584 minorem
2012 526 2080 583 ad
2110 545 2206 585 re-

267 605 589 665 sistendum
618 612 889 676 animum,
909 606 1138 666 dabant.

352 687 518 746 XIX.
566 686 696 746 Nec
751 689 1024 745 Antonius
1053 691 1206 746 ultra
1230 690 1456 758 institit,
1488 707 1711 747 memor
1737 690 1951 749 laboris
1983 708 2051 747 ac
2078 690 2209 747 vul-

269 785 504 839 nerum,
539 768 749 847 quibus
780 778 893 827 tam
929 788 1145 845 auceps
1168 770 1363 846 proelii
1393 768 1933 847 fortuna,‘quamvis
1963 788 2210 847 prospe-

270 868 342 908 ro
365 850 504 919 fine,
550 850 777 925 equites
823 868 1126 927 equosque
1153 849 1569 907 adflictaverat.
1658 853 2035 910 Inumbrante
2073 870 2208 911 ves-

183 995 188 1004 ·
268 948 424 1006 pera
450 931 789 988 universum
829 930 1088 988 Flaviani
1119 931 1416 989 exercitus
1458 931 1639 988 robur
1668 932 1920 990 advenit.
2011 930 2209 1008 thue

270 1012 539 1070 cumulos
591 1009 688 1089 (cl)
740 1028 924 1085 super
974 1017 1036 1068 et
1075 1010 1338 1068 recentia
1378 1008 1545 1068 caede
1598 1013 1839 1087 vestigia
1886 1013 2211 1084 incessere,

271 1091 440 1166 quasi
462 1090 818 1146 debellatum
849 1088 1022 1158 foret,
1066 1099 1082 1124 6
1123 1109 1378 1172 pergere
1407 1088 1782 1164 Cremonam,
1824 1098 1884 1148 et
1925 1093 2110 1150 victos
2151 1092 2212 1151 in

271 1169 681 1226 ‘deditionem
708 1169 1006 1243 accipere,
1029 1178 1126 1226 aut
1146 1188 1507 1246 expugnare,
1515 1169 1899 1245 ’.deposcunt
1985 1171 2167 1230 Haec
2151 1192 2213 1231 ιιι

184 1298 202 1306 -
266 1249 490 1328 medio,
520 1248 774 1323 pulchra
812 1248 986 1306 dictu.
1077 1250 1182 1307 llla
1212 1251 1322 1307 sibi
1353 1249 1624 1326 quisque,
1662 1250 1805 1327 (e)‘
1839 1250 2020 1308 Posse
2048 1252 2210 1312 colo·

272 1329 470 1387 ‘niam
499 1328 671 1405 plano
698 1329 863 1386 sitam
890 1327 1092 1405 inpetu
1121 1335 1271 1407 capi.
1356 1330 1519 1387 Idem
1540 1329 1789 1388 audacias
1813 1350 1925 1407 pei·
1940 1332 2213 1390 tenebras

273 1408 802 1486 ‘inrumpentibus‚
848 1417 907 1467 et
950 1411 1230 1502 majorem
1278 1410 1541 1488 rapiendi
1587 1411 1921 1469 licentiam.
1969 1411 2125 1488 quod
2162 1412 2213 1472 si

274 1491 518 1548 ‘lucem
541 1490 944 1566 opperiantur,
962 1490 1086 1568 jam
1113 1510 1341 1571 pacem,
1371 1491 1492 1567 jam
1517 1509 1731 1583 preces
1755 1499 1834 1560 et,
1860 1509 1970 1567 pro
2004 1492 2212 1551 labore

268 1578 376 1628 ‘ac
408 1570 774 1641 vulneribus,
792 1572 1161 1632 clementiam
1193 1580 1253 1630 et
1280 1572 1547 1646 gloriam,
1569 1571 1779 1638 inania,
1805 1573 2062 1630 lzaturos
2108 1572 2214 1631 sed

276 1658 464 1726 ‘opes
494 1651 982 1709 Cremonensium
1019 1652 1088 1709 in·
1104 1655 1233 1710 sinu
1270 1651 1693 1711 Praefectorum
1741 1652 2212 1729 Legatorumque

274 1737 292 1765 ‘
325 1729 477 1789 fore.
565 1731 921 1808 Expugnatae
969 1733 1132 1792 urbis
1162 1734 1420 1810 praedam
1477 1731 1547 1789 ad
1574 1732 1839 1802 militem,
1882 1732 2093 1791 deditae
2143 1733 2212 1791 ad

275 1812 525 1880 ‘‚duces
555 1815 878 1888 pertinere.
887 1811 903 1839 ’
989 1813 1358 1889 Spernuntur
1386 1812 1782 1871 Centuriones
1813 1813 2211 1890 Tribunique,

274 1912 363 1962 ac,
392 1912 468 1952 ne
496 1911 614 1952 vox
643 1893 986 1969 cujusquam
1016 1895 1300 1964 audiatur,
1339 1895 1601 1972 quatiunt
1628 1912 1807 1964 arma,
1838 1894 2069 1970 rupturi
2106 1894 2210 1953 im-

276 1974 527 2052 perium,
559 1974 618 2030 ni
647 1973 953 2032 ducantur.

354 2056 488 2115 XX.
535 2055 693 2113 Tum
717 2053 1017 2123 Antonius,
1046 2053 1315 2113 inserens
1344 2073 1408 2112 se
1457 2055 1787 2130 manipulis,
1806 2054 1905 2111 ubi
1934 2054 2215 2130 adspectu

272 2141 333 2193 et
354 2136 694 2195 auctoritate
716 2134 1009 2193 silentium
1040 2133 1300 2192 fecerat:
1348 2142 1510 2190 ‘non
1536 2152 1601 2191 se
1631 2134 1833 2202 decus,
1851 2151 2046 2211 neque
2074 2152 2211 2209 pre-

276 2217 457 2275 ‘tium
482 2216 722 2293 eripere
750 2225 867 2273 tam
912 2216 1067 2272 bene
1095 2215 1364 2285 meritis?
1397 2213 1770 2286 adfirmabat;
1815 2213 1991 2273 ‘sed
2030 2212 2216 2272 divisa

274 2297 478 2355 ‘inter
530 2297 858 2355 exercitum
900 2294 1081 2352 duces
1056 2314 1201 2371 sque
1260 2292 1487 2354 munia:
1549 2293 1828 2352 militibus
1875 2292 2213 2372 cupidinem

274 2377 617 2453 ‘pugnandi
690 2375 1054 2448 convenire3
1114 2375 1294 2435 duces
1364 2374 1756 2468 providendo,
1810 2373 2212 2443 consultando,

273 2463 291 2491 ‘
314 2457 680 2517 cunctatione
710 2457 946 2533 saepius,
978 2475 1150 2532 quam
1189 2456 1544 2526 temeritate,
1588 2442 1898 2546 prodesse.
1984 2452 2068 2511 Ut
2102 2472 2213 2529 pro

241 2544 289 2575 ·“
320 2538 476 2596 virili
503 2537 799 2614 portione,
846 2535 1019 2594 armis
1046 2554 1112 2595 ac
1139 2554 1334 2605 manu,
1375 2535 1679 2596 victoriam
1703 2532 1954 2610 juverit,
1988 2533 2212 2594 ratione

272 2623 381 2676 ‘et
421 2617 689 2685 consilio
731 2616 986 2694 propnis
1031 2614 1195 2676 ducis
1234 2616 1475 2683 artibus,
1521 2613 1911 2692 profuturum.
1996 2612 2213 2690 Neque

275 2699 472 2756 ‘enim
498 2698 760 2775 ambigua
796 2715 952 2767 esse,
982 2715 1112 2773 quae
1153 2703 1502 2756 occurrant.
1547 2704 1780 2754 noctem
1808 2702 1869 2754 et
1893 2695 2107 2771 iguotae
2135 2693 2211 2752 si·

275 2784 444 2837 ‘tum
473 2778 656 2846 urbis,
686 2779 838 2837 intus
866 2780 1066 2837 hostes
1095 2785 1156 2837 et
1177 2785 1386 2839 cuncta
1412 2776 1632 2839 insidiis
1660 2782 2027 2852 opportunaz
2072 2790 2211 2845 non,

270 2859 370 2916 s‘i
399 2864 636 2932 pateant
662 2865 871 2932 portae,
901 2858 1011 2916 nisi
1045 2860 1382 2935 explorato,
1412 2858 1521 2916 nisi
1543 2857 1661 2928 die,
1685 2856 2034 2915 intrandum.
2120 2856 2213 2914 An

276 2934 807 3051 ‘oppugnationem
868 2936 1263 3008 inchoaturos,
1311 2938 1580 3014 adempto
1639 2937 1794 2995 omni
1868 2943 2210 3032 prospectu,

277 3018 451 3096 ‘quis
481 3033 681 3093 aequus
725 3017 913 3084 locus,
954 3024 1163 3093 quanta
1191 3017 1435 3076 altitudo
1472 3017 1789 3075 moenium‘l
1830 3014 2212 3075 tormentisne

274 3105 377 3158 ‘et
410 3097 567 3166 telis,
616 3115 688 3154 an
720 3095 999 3174 operibus
1044 3105 1104 3155 et
1142 3099 1352 3166 vineis,
1392 3095 1778 3172 adgredienda
1815 3097 1956 3153 urbs
1987 3093 2209 3156 foret?

274 3178 415 3238 Mox
436 3195 759 3238 conversus
797 3176 867 3235 ad
903 3176 1225 3252 singulos,‘
1254 3194 1393 3236 num
1424 3193 1683 3246 secures,
1723 3176 2118 3270 dolabrasque
2151 3183 2214 3237 et

276 3266 522 3321 ‘cetera
564 3257 957 3336 expugnandis
991 3257 1258 3329 urbibus,
1307 3260 1507 3317 secum
1551 3255 1891 3316 adtulissent
1910 3256 1955 3317 ’.Ρ
1997 3258 2207 3335 rogita·

344 3471 378 3521 d
413 3468 685 3527 Cumulo25
719 3474 759 3520 i.
782 3487 825 3522 e.
843 3471 905 3520 os
918 3472 1004 3520 the
1026 3471 1169 3521 elain.

343 3553 382 3585 e
399 3536 524 3587 Haec
562 3539 623 3586 in
664 3537 1112 3603 melio-quisque.
1180 3538 1349 3589 These
1389 3536 1556 3602 things
1606 3538 1814 3600 spoken,
1866 3536 2066 3608 openly,
2127 3536 2206 3583 111-

284 3601 489 3652 dicated
508 3612 743 3668 contage.
812 3603 919 3656 But
933 3604 1059 3655 each
1080 3618 1192 3655 one
1210 3604 1315 3657 had
1347 3603 1426 3657 his
1447 3618 1562 3655 own
1582 3603 1748 3653 semen
1763 3601 1991 3668 designs
2016 3598 2112 3653 viz.
2153 3601 2208 3645 to
2310 3576 2317 3585 ⁸

284 3669 487 3734 acquire
509 3670 607 3718 boo
616 3673 687 3734 ty.
