2459 4075
260 183 379 240 302
460 227 466 232 .
863 177 938 236 C.
983 172 1227 236 CORN.
1278 172 1587 236 TACITI.
1778 196 1835 233 ι.
1868 195 1927 235 υ.
1959 195 2015 236 c.
2047 180 2188 240 850.

263 333 279 360 ‘
312 344 346 385 a
384 331 652 385 contactu
700 324 1179 384 dominationibus
1228 322 1531 384 inviolatos
1580 322 1955 382 habebamus.
2038 323 2190 396 Nos,

263 413 279 439 ⁸
309 412 600 465 terrarum
647 423 713 463 ac
742 405 1026 463 libertatis
1075 413 1393 475 extremos,
1435 422 1707 463 recessus
1738 406 1883 481 -ipse
1922 421 1990 463 ec
2031 407 2189 465 sinus

262 493 279 519 ⁶
310 483 479 544 famae
520 488 579 545 in
622 485 778 548 hunc
812 484 970 543 diem
1003 484 1303 544 defendit:
1350 504 1502 543 nunc
1539 485 1821 543 terminus
1864 483 2191 548 Britannia

265 573 281 599 ‘
306 573 503 642 patet:
549 571 723 643 etque
749 584 923 624 omne
950 565 1204 640 ignotum
1225 582 1335 642 pro
1365 564 1669 641 magnifico
1695 571 1803 624 est,
1889 564 2004 623 Sed
2028 567 2189 625 nulla

263 653 282 681 ⁶
298 647 424 723 jam
469 648 620 706 ultra
643 665 808 720 gens,
848 644 992 704 nibil
1032 645 1140 703 nisi
1187 644 1399 703 fluctus
1438 654 1498 704 et
1525 652 1808 704 saxaz'et
1851 643 2189 706 infestiores

262 729 285 759 ‘
290 735 293 740 ’
307 726 590 785 Romani:
637 745 886 803 quornm
933 724 1265 801 superbiam
1308 724 1520 785 frustra
1571 743 1685 802 per
1725 724 2070 801 obsequium
2118 734 2185 785 et

258 813 274 840 ⁸
303 805 645 866 modestiam
690 805 965 882 effugeris
989 827 1008 863 ι
1072 814 1344 880 raptores
1396 807 1577 875 orbis»,
1622 812 1927 882 postquam
1975 815 2191 867 cuncta

256 893 274 920 ⁶
297 888 653 946 vastantibus
700 883 944 944 defuere
971 892 1178 954 terre,
1227 893 1289 944 et
1315 904 1475 944 mare
1512 892 1841 944 scrutantur
1865 906 1883 942 ι
1926 884 1974 943 si
2013 887 2180 946 locu-

257 972 282 1001 *
306 967 434 1043 ples
452 967 632 1025 hostis
661 972 771 1035 est,
802 965 993 1024 avaris
1014 966 1064 1024 si
1101 983 1351 1042 pauper,
1373 965 1658 1026 ambitiosi
1682 986 1711 1024 ε.
1743 983 1885 1043 quos
1909 984 2020 1022 non
2041 964 2182 1026 Ori-

258 1054 276 1081 ⁶
305 1064 434 1115 ens,
470 1065 586 1105 non
636 1044 954 1115 Occidens,
992 1045 1328 1105 satiaverit:
1374 1046 1485 1104 soli
1527 1046 1782 1105 omnium
1828 1062 1975 1121 opes
2010 1053 2183 1124 atque

254 1133 272 1160 ⁴
303 1126 555 1204 inopiam
592 1126 720 1203 pari
762 1124 989 1185 adfectu
1016 1126 1454 1202 concupiscunt.
1539 1124 1818 1194 Auferre,
1861 1125 2183 1197 trucidare,

255 1214 271 1240 ⁸
298 1223 537 1284 rapere,
564 1205 723 1265 falsis
751 1205 1094 1266 nominibus'
1119 1205 1431 1282 imperium
1458 1226 1475 1278 ;
1520 1212 1539 1240 ‘
1569 1214 1766 1284 atque,
1801 1204 1896 1263 ubi
1918 1204 2181 1266 solitudi-

257 1293 278 1322 ‘
305 1305 440 1345 nem
468 1285 723 1355 faciunt?
752 1305 960 1362 pacem
989 1294 1004 1320 ⁶
1036 1285 1374 1362 adpellant?

334 1366 568 1427 XXXI.
615 1375 631 1401 ‘
656 1366 900 1428 Liberos
933 1365 1144 1442 cuique
1182 1385 1249 1424 ac
1277 1363 1643 1442 propinquos
1668 1384 1800 1424 suos
1842 1373 2045 1425 natura
2085 1385 2185 1426 ca-

248 1455 267 1482 *
292 1446 548 1506 rissimos
577 1465 709 1505 esse
738 1446 925 1505 voluit
946 1469 964 1504 ι
1007 1447 1066 1503 hi
1097 1464 1209 1522 per
1244 1445 1534 1514 delectus,
1583 1446 1720 1512 alibi
1747 1447 2047 1522 servituri,
2078 1466 2176 1506 aa·

255 1534 271 1561 ⁸
295 1526 598 1584 feruntur:
658 1526 936 1601 conjuges
978 1543 1358 1602 sororesque,
1407 1525 1515 1584 etsi
1566 1526 1837 1585 hostilem
1879 1526 2185 1586 libidinem

249 1609 270 1642 ⁴
297 1606 609 1680 effugiant:
655 1605 909 1663 nomine'
955 1607 1274 1663 amicorum
1318 1613 1333 1639 ⁶
1382 1601 1579 1681 atque’
1609 1606 1901 1682 hospitum
1932 1615 1948 1640 ‘
1988 1607 2183 1683 pollu-

252 1694 270 1721 ‘
300 1693 486 1745 untur.
573 1684 736 1744 Bone
775 1682 1152 1761 fortunasque
1177 1685 1247 1743 in
1269 1685 1547 1743 tributum
1593 1694 1877 1761 egerunt3
1921 1686 1978 1745 in
2001 1704 2184 1745 anno-

252 1775 269 1801 ·
293 1785 424 1826 nam
444 1764 799 1828 frumentum
827 1788 840 1823 z
887 1783 1142 1842 corpora
1168 1763 1295 1841 ipsa
1329 1784 1396 1824 ac
1425 1781 1648 1835 manus,
1675 1765 1839 1825 silvis
1867 1786 1934 1826 ac
1954 1765 2180 1844 paludi·

252 1855 267 1881 ·
297 1847 408 1905 bus
435 1845 815 1915 emuniendis,
844 1848 1100 1906 verbera
1128 1845 1284 1906 inter
1319 1865 1386 1904 ac
1415 1845 1818 1915 contumelias,
1844 1852 2179 1906 conterunt.

253 1936 268 1961 ·
300 1925 452 1983 Nata
476 1923 741 1984 servituti
771 1926 1060 2002 mancipia
1084 1926 1270 1984 semel
1308 1933 1589 1994 veneunt,
1617 1932 1792 2003 atque
1829 1927 1987 1985 ultro
2015 1947 2048 1986 s
2073 1927 2184 1985 do-

254 2016 269 2043 ‘
295 2005 465 2067 minis
493 2005 766 2065 aluntur:
811 2005 1109 2065 Britannia
1143 2006 1488 2065 servitutem
1526 2024 1685 2065 suam
1720 2006 1979 2082 quotidie
2016 2007 2184 2078 emit,

251 2091 267 2124 ‘
300 2087 558 2167 quotidie
598 2087 801 2164 pascit.
884 2089 993 2157 Ac,
1031 2087 1184 2147 sicut
1209 2087 1270 2145 in
1297 2086 1513 2145 familia
1549 2087 1985 2146 recentissimus
2024 2090 2185 2164 quis·

251 2178 267 2203 ⁶
293 2188 414 2246 que
461 2187 774 2227 servorum
800 2173 862 2225 et
907 2167 1209 2226 conservis
1249 2167 1499 2226 ludibrio
1529 2174 1657 2225 est:
1704 2167 1814 2235 sic,
1843 2168 1905 2225 in
1930 2169 2044 2226 hoc
2083 2188 2183 2227 or·-

253 2257 270 2284 ⁸
304 2250 393 2309 bis
420 2257 714 2308 tetrarum
744 2254 952 2307 vetere
981 2247 1271 2317 famulata,
1300 2247 1434 2305 novi
1475 2266 1580 2309 nos
1609 2255 1670 2306 et
1682 2242 1838 2305 'viles
1867 2246 1925 2306 in
1955 2248 2181 2309 excidi-

251 2338 268 2365 ‘
299 2350 391 2389 um
434 2329 712 2406 petimur.
797 2326 1012 2403 Neque
1053 2329 1208 2387 enim
1249 2346 1390 2385 arva
1428 2326 1616 2396 nobiS‚
1657 2334 1753 2386 aut
1789 2328 2041 2400 metalla,
2087 2335 2190 2388 aut

251 2418 266 2443 ‘
293 2417 492 2487 portus
517 2417 670 2479 sunt,
699 2407 904 2484 quibus
934 2406 1284 2467 exercendis
1313 2425 1713 2466 reservemur.
1802 2407 2002 2468 Virtus
2040 2428 2189 2486 por-

252 2499 267 2525 ‘
298 2504 367 2548 1‘0
409 2509 474 2548 ac
517 2487 738 2547 ferocia
764 2488 1164 2565 subjectorum
1204 2487 1422 2561 ingrata
1462 2486 1918 2562 imperantibus:
1964 2495 2026 2547 et
2052 2489 2179 2546 lon·

250 2579 266 2605 ‘
296 2569 587 2647 ginquitas
632 2588 699 2628 ac
745 2574 1040 2627 secretum
1086 2569 1278 2646 ipsum
1327 2587 1443 2646 quo
1491 2567 1691 2640 tutius,
1721 2586 1795 2625 eo
1824 2569 2178 2646 suspectius.

251 2658 266 2684 ⁶
300 2651 408 2709 lta.
462 2649 684 2707 sublata
734 2667 868 2723 spe,
920 2651 1133 2717 veniae‚
1188 2649 1420 2707 tandem
1475 2648 1689 2706 sumite
1740 2650 2011 2718 animum,
2059 2655 2182 2707 tam

250 2737 264 2765 ὅ
298 2730 508 2806 quibus
540 2730 715 2796 salus,
746 2747 920 2804 quam
961 2729 1164 2802 quibus
1213 2729 1415 2802 gloria,
1444 2726 1740 2786 carissima
1769 2736 1876 2787 est.
1964 2728 2191 2787 Trino-

249 2818 267 2842 ‘
297 2814 518 2872 bantes,
567 2805 668 2885 (p)
715 2805 928 2863 femina
960 2807 1150 2874 Duce,
1195 2825 1452 2864 exurere
1481 2805 1789 2877 coloniam,
1840 2826 2183 2887 expugnare

246 2897 261 2923 ⁸
292 2894 500 2956 castra,
550 2904 639 2955 ae,
684 2885 792 2942 nisi
830 2884 1074 2944 felicitas
1124 2885 1181 2942 in
1229 2885 1556 2956 socordiam
1602 2887 1901 2959 vertisset,
1950 2907 2183 2948 exuere

245 2980 259 3003 ⁸
281 2969 487 3047 jugum
509 2974 758 3045 potuere
783 2987 797 3023 ε
844 2984 948 3023 nos
970 2964 1179 3041 integri
1209 2975 1271 3026 et
1292 2966 1575 3037 indomiti,
1606 2973 1667 3025 et
1692 2967 2027 3031 libertatem
2057 2989 2187 3028 non

243 3060 257 3083 ‘
289 3051 348 3110 in
376 3048 692 3129 praesentia
716 3047 887 3107 laturi
913 3045 1007 3128 (q)
1050 3047 1245 3124 primo
1270 3048 1459 3107 statim
1506 3064 1831 3123 congressu
1859 3068 2052 3108 nonne
2081 3069 2182 3109 os-

302 3286 343 3335 p
375 3270 491 3320 The
508 3266 856 3324 Trinobantes,
878 3280 936 3315 or
966 3266 1055 3314 the
1076 3267 1257 3330 people
1278 3264 1338 3314 of
1362 3266 1539 3324 Essex,
1568 3266 1743 3328 joined
1764 3264 1852 3316 the
1885 3264 2110 3315 Icenisns
2124 3266 2186 3315 in

245 3334 331 3388 the
351 3335 507 3446 grgnd
529 3333 693 3381 revolt
713 3333 875 3380 under
896 3330 1161 3382 Bosdicee.
1231 3332 1328 3382 See
1344 3330 1443 3380 this
1476 3333 1650 3392 Traet,
1671 3338 1790 3381 sect.
1810 3332 1921 3381 xvi.
1944 3333 2043 3382 end
2062 3334 2185 3384 An·

242 3405 355 3455 nats
436 3434 450 3447 .
467 3398 576 3446 xiv.
596 3413 637 3445 s.
659 3400 743 3447 31.
1197 3401 1202 3408 '
2020 3406 2031 3427 ¹

309 3485 341 3534 q
358 3435 500 3515 ’This
520 3475 723 3526 passage
756 3464 845 3512 hes
865 3460 1156 3512 occasioned
1187 3465 1342 3512 much
1362 3469 1685 3528 controversy
1706 3480 1889 3529 among
1925 3465 2014 3513 the
2036 3479 2181 3514 com-

243 3538 542 3586 mentatorsz
575 3528 672 3577 but
691 3526 833 3577 those
861 3530 1145 3592 gentlemen
1166 3544 1255 3577 are
1275 3530 1410 3579 osten
1431 3531 1688 3595 ingenious
1719 3537 1775 3580 to
1790 3546 1855 3580 no
1887 3531 1986 3579 end
2007 3531 2106 3580 but
2127 3537 2188 3581 to

244 3601 455 3662 perplex
479 3592 795 3645 themselves.
862 3596 977 3642 The
987 3600 1110 3643 „text
1139 3595 1182 3644 is
1201 3595 1505 3657 suseeptible
1526 3596 1585 3645 of
1612 3613 1676 3647 sn
1700 3613 1821 3662 easy
1841 3598 1939 3645 and
1963 3594 2184 3649 obvious

243 3661 600 3717 construetiong
633 3657 732 3706 end
751 3657 793 3705 it
812 3656 856 3705 is
883 3658 1010 3708 this:
1043 3672 1125 3707 ve
1157 3662 1290 3709 heve
1308 3660 1441 3708 been
1476 3662 1701 3713 hitherto
1721 3663 2043 3721 unnubdued,
2076 3663 2183 3712 and

244 3729 493 3775 therefore
514 3720 595 3773 we
617 3738 704 3771 are
740 3727 827 3770 not
845 3734 960 3770 now
995 3729 1048 3773 to
1085 3729 1211 3774 tnste
1245 3726 1305 3775 of
1331 3726 1521 3788 liberty
1540 3729 1618 3776 for
1654 3730 1744 3781 the
1779 3730 1890 3779 first
1909 3722 2059 3785 timet
2093 3742 2189 3777 we

242 3789 375 3842 have
397 3793 585 3854 always
606 3788 821 3854 enjoyed
839 3802 936 3838 our
952 3786 1140 3856 right„
1168 3791 1247 3842 let
1264 3806 1324 3842 us
1343 3805 1581 3855 preserve
1601 3795 1743 3845 them
1767 3795 1839 3859 by
1861 3808 1957 3844 our
1978 3793 2192 3846 velent.
