2459 4075
297 162 376 215 34
899 154 970 219 C.
1013 153 1260 217 CORN.
1300 154 1616 219 TACI'I'I.
1809 180 1866 220 A.
1898 179 1955 219 υ.
1987 177 2042 220 e.
2075 160 2216 221 sels

296 302 580 371 sumebat,
603 299 796 362 medio
833 302 948 362 diei
989 306 1341 364 temulentus
1370 313 1430 364 et
1455 283 1647 382 sagina
1670 307 1861 383 gravis
1885 330 1898 365 :
1949 306 2062 387 (m)
2087 326 2223 366 cum

297 389 488 442 tamen
514 382 690 440 ardor
717 390 777 441 et
796 383 885 442 vis
913 385 1156 446 militum
1198 387 1355 445 ultro
1404 386 1582 445 Ducis
1609 387 1801 445 munia
1847 389 2129 464 inplebat,
2157 393 2225 444 ut

296 462 346 522 si
375 464 602 521 adesset
624 461 989 539 Imperator‚'
1013 473 1072 524 et
1107 465 1378 536 strenuis„
1406 468 1504 524 vel
1541 467 1759 542 ignavis
1786 486 1952 544 spem
1978 474 2222 524 metum-

186 543 201 555 *
298 562 416 619 que
464 542 722 601 adderet.
829 544 1101 604 Instructi
1148 547 1472 622 intentique
1502 554 1518 580 ‘
1559 549 1778 622 signum
1816 545 2216 624 profectionis’
2264 589 2268 593 »

298 628 643 700 exposcunt.
727 623 956 682 Nomen
997 633 1012 659 ⁶
1042 626 1398 685 Germanici’
1441 626 1681 685 Vitellio
1714 630 1900 686 statim
1929 627 2216 685 additum}

296 709 313 738 ‘
345 704 661 762 Gaesarem’
691 721 755 761 se
793 704 1075 781 adpellari
1102 708 1274 766 etiam
1320 709 1512 764 victor
1557 706 1875 784 prohibuit.
1909 704 2004 785 (n)
2089 706 2220 766 1..ae-

299 792 424 844 tum
452 783 755 859 augurium
796 785 975 843 Fabio
1004 786 1238 845 Valenti
1266 787 1693 863 exercituique,
1722 806 1895 864 quem
1918 788 1975 844 in
1997 785 2218 844 bellum

300 866 525 940 agebat,
560 866 686 939 ipso
712 863 1093 940 profectionis
1136 867 1254 937 die,
1299 868 1488 942 aquila
1521 868 1642 926 leni
1677 875 1890 932 meatu,
1930 872 2105 943 prout
2130 884 2225 940 ag-

296 964 432 1004 men
462 942 785 1015 incederet,
828 947 993 1004 velut
1010 946 1131 1005 dux
1151 950 1286 1016 viae,
1316 947 1696 1022 praevolavit:
1743 948 2088 1022 longumque
2109 963 2221 1020 per

301 1019 550 1101 spatium
576 1023 625 1081 is
651 1025 1017 1098 gaudentium
1063 1028 1310 1086 militum
1337 1027 1578 1097 clamor,
1617 1046 1687 1087 ea
1729 1027 1895 1103 quies
1943 1024 2221 1084 interritae

305 1105 453 1165 alitis
479 1103 608 1173 fuit,
638 1111 702 1163 ut
722 1106 874 1163 haud
901 1106 1136 1166 dubium
1158 1126 1376 1182 magnae
1402 1116 1461 1166 et
1488 1126 1789 1185 prosperae
1821 1109 1909 1165 rei
1937 1124 2108 1163 omen
2133 1123 2225 1163 ac-

303 1187 627 1263 ciperetur.
711 1185 787 1243 Et
835 1186 1426 1263 Treverosquidem,
1454 1195 1519 1246 ut
1544 1190 1755 1257 socios,
1783 1187 1974 1246 securi
2001 1184 2218 1243 adiere.
2391 1201 2396 1214 ⁴

386 1265 603 1323 LXIII.
651 1264 936 1334 Divoduri
961 1265 1562 1346 (Mediomatricorum
1611 1269 1667 1327 id
1689 1266 1962 1345 oppidum
1993 1263 2110 1341 est)
2137 1262 2227 1344 (o)
2267 1325 2272 1328 ,
2393 1269 2394 1278 ’

309 1364 648 1423 quamquam
670 1345 825 1404 omni
863 1347 1131 1425 comitate
1161 1354 1443 1423 exceptos
1470 1349 1687 1424 subitus
1706 1367 1892 1424 pavor
1916 1346 2225 1414 exterruit,
2375 1353 2380 1376 l

286 1429 486 1502 ‘raptis
514 1432 765 1500 repente
810 1427 981 1483 armis
1009 1427 1078 1483 ad
1106 1426 1330 1484 caedem
1373 1427 1621 1486 innoxiae
1671 1427 1956 1486 civitatis:
2002 1443 2114 1482 non
2151 1424 2226 1481 ob

306 1507 570 1587 praedam
598 1511 694 1562 aut
720 1504 1004 1582 spoliandi
1031 1506 1327 1583 cupidine,
1356 1507 1460 1564 sed
1486 1505 1688 1566 surore
1716 1514 1777 1565 et
1792 1506 1953 1566 rabie
1982 1511 2044 1562 et
2062 1521 2230 1562 caus-

306 1588 385 1646 sis
414 1584 675 1655 incertiS,
699 1604 890 1662 eoque
917 1585 1335 1659 difficilioribus
1354 1587 1627 1645 remediis
1656 1610 1671 1661 3
1715 1586 1923 1655 donec,
1954 1584 2231 1662 precibus

308 1666 489 1726 Ducis
517 1666 776 1741 mitigati,
821 1668 892 1723 ab
920 1666 1149 1724 excidio
1191 1666 1440 1725 civitatis
1483 1674 1931 1745 temperavere:
1977 1684 2130 1724 caesa
2152 1670 2235 1721 ta-

305 1766 442 1807 men
470 1746 540 1804 ad
568 1754 815 1823 quatuor
852 1745 1029 1803 millia
1065 1747 1380 1804 hominum.
1464 1747 1638 1824 Isque
1666 1742 1863 1807 terror
1893 1745 2112 1803 Gallias
2139 1744 2232 1826 in—⁸

304 1828 476 1898 vasit,
498 1833 561 1884 ut
586 1826 844 1885 venienti
868 1844 1003 1886 mox
1024 1826 1229 1901 agmini
1260 1827 1549 1886 universae
1572 1829 1835 1887 civitates
1857 1845 1989 1885 cum
2020 1824 2225 1899 Magis·

307 1908 551 1968 tratibus
602 1913 661 1964 et
689 1907 967 1984 precibus
1013 1914 1419 1978 occurrerent,
1467 1909 1657 1967 stratis
1699 1928 1811 1985 per
1854 1908 1974 1966 vias
2023 1904 2223 1981 pueris

304 1988 692 2066 seminisque3
739 2006 990 2066 quaeque
1027 1986 1136 2045 alia
1163 1990 1523 2065 placamenta
1549 1986 1647 2069 (p)
1679 1988 1903 2048 hostilis
1939 1987 2069 2056 irae,
2109 1993 2231 2044 'non

311 2069 546 2150 quidem
569 2070 629 2128 in
656 2069 840 2139 belle,
869 2070 974 2126 sed
1001 2087 1307 2145 pro‘pace‚
1336 2070 1743 2130 tendebantur.

385 2150 601 2210 LXIV.
649 2148 928 2208 Nuntium
950 2150 1024 2208 de
1053 2150 1216 2209 caede'
1239 2151 1443 2209 Galbae
1463 2158 1523 2209 et
1545 2152 1801 2230 Imperio
1822 2150 2091 2220 Othonis,
2120 2148 2229 2209 Fa-

304 2232 435 2295 hius
474 2230 689 2291 Valens
728 2229 786 2288 in
822 2231 1057 2290 civitate
1098 2230 1432 2289 Leucorum
1480 2234 1725 2307 accepit.
1812 2231 1941 2291 Nec
1986 2232 2228 2290 militum

308 2313 528 2372 animus
553 2313 615 2371 in
650 2311 917 2386 gaudium
947 2316 1043 2366 aut
1068 2307 1437 2365 formidinem
1477 2318 1777 2381 permotus
1803 2334 1815 2368 ε
1863 2312 2082 2371 bellum
2106 2311 2229 2368 vol-

258 2432 269 2437 x
307 2396 505 2453 vebat.
590 2390 772 2447 Gallis
794 2387 1084 2446 cunctatio
1127 2393 1419 2460 exempta,
1458 2394 1518 2444 et
1543 2387 1602 2443 in
1631 2388 1924 2446 Othonem
1952 2391 2234 2462 acVitel·

306 2475 453 2534 lium
470 2470 661 2529 odium
685 2487 813 2542 par,
842 2485 918 2523 ex
946 2463 1187 2522 Vitellio
1210 2471 1271 2522 et
1292 2471 1499 2524 metus.
1585 2466 1860 2529 Proxima
1906 2469 2231 2544 Lingonum

310 2554 517 2613 civitas
544 2555 692 2622 erat,
725 2546 838 2604 fida
863 2545 1161 2621 partibus:
1208 2545 1456 2621 benigne
1495 2548 1751 2623 excepti,
1794 2546 2073 2605 modestia
2100 2568 2233 2606 cer-

306 2644 510 2698 tavere
539 2652 554 2701 3
615 2626 720 2684 sed
784 2625 983 2684 brevis
1046 2625 1248 2684 laetitia
1292 2624 1420 2694 fuit,
1453 2628 1800 2697 ,cohortium
1860 2627 2238 2702 intemperie,

306 2704 472 2789 Quae,
522 2707 808 2782 alegione
838 2705 1285 2781 quartadecima,
1332 2714 1393 2764 ut
1432 2700 1609 2783 supi-a
1650 2706 2117 2776 memoravimuS,
2148 2706 2237 2763 di-

303 2806 573 2872 gressae,‘
602 2786 891 2847 exercitui
942 2805 1049 2845 suo
1079 2784 1294 2845 Fabius
1333 2786 1551 2846 Valens
1582 2787 1945 2866 adjunxerat.
2029 2785 2239 2862 Jurgia

313 2940 335 2987 ’ἶ
378 2952 430 2991 m
460 2938 562 2989 For
584 2951 649 2987 an
682 2940 904 2986 account
945 2934 1003 2986 of
1037 2937 1124 2985 the
1158 2935 1307 2998 eloth,
1331 2934 1698 3000 drunkenness,
1722 2935 1824 2986 and
1859 2935 2008 2984 other
2031 2933 2173 2984 vices
2189 2931 2253 2982 of

315 3007 573 3067 Vitellius,
597 3019 681 3054 see
705 3004 992 3063 Suetonius,
1012 3005 1062 3052 in
1087 3003 1248 3052 Vitel.
1268 3018 1304 3049 s,
1331 3001 1407 3050 17.

379 3090 418 3124 n
452 3072 690 3123 Coesarem
710 3086 760 3119 se
796 3068 1367 3135 appellari—prohibuit
1383 3087 1403 3126 ‚·
1440 3068 1545 3117 still
1579 3068 1643 3118 he
1678 3068 1911 3118 assumed
1949 3067 2049 3116 this
2088 3078 2248 3114 name

315 3140 530 3190 himself.
599 3139 696 3188 See
719 3137 769 3188 H
777 3137 859 3186 ist.
877 3139 923 3186 3.
949 3141 1032 3188 58.
1821 3166 1826 3171 ·

375 3222 409 3255 ο
443 3205 559 3255 The
581 3204 803 3267 Treveri
829 3216 968 3252 were
1002 3204 1090 3252 the
1115 3200 1424 3250 inhabitants
1444 3201 1547 3249 osa
1569 3200 1674 3262 city
1693 3200 1751 3248 os
1772 3199 1934 3247 lower
1955 3196 2253 3260 Get-many,

316 3289 384 3323 en
397 3273 484 3321 the
504 3270 746 3319 Mosella:
779 3284 892 3316 now
911 3270 1079 3318 called
1100 3268 1316 3316 Treves.
1379 3267 1760 3321 Mediomatrici,
1781 3279 1815 3312 a
1839 3263 2019 3326 people
2041 3261 2247 3312 ofGal-

316 3340 391 3390 lia
419 3337 659 3403 Belgica;
697 3349 811 3382 now
828 3335 917 3381 the
934 3333 1136 3383 diocese
1157 3333 1216 3382 os
1226 3332 1423 3381 Mentz.

376 3422 416 3469 p
454 3404 791 3459 placamenta,
816 3405 901 3447 etc.
967 3400 1120 3448 Olive
1160 3397 1413 3446 branches
1441 3395 1541 3443 and
1581 3394 1761 3444 sacred
1786 3398 2061 3444 vestments
2097 3408 2255 3443 were

319 3469 520 3531 usually
544 3465 804 3527 displayed
827 3464 880 3510 in
919 3479 1058 3512 cases
1078 3464 1136 3513 of
1147 3463 1371 3524 disti-ess,
1394 3462 1544 3510 when
1584 3462 1671 3510 the
1695 3460 1988 3524 conque-red
2010 3460 2143 3508 sued
2172 3460 2263 3508 sor

322 3549 518 3597 mercy,
541 3531 643 3580 and
663 3530 855 3592 though
879 3525 1090 3593 nothing
1127 3529 1234 3577 like
1255 3527 1481 3590 hostility
1498 3526 1765 3587 subsisted,
1789 3527 1889 3576 this
1932 3526 2116 3589 people
2145 3539 2266 3575 was

322 3601 544 3667 obliged,
560 3598 612 3648 in
635 3593 880 3661 profound
900 3608 1080 3659 peace,
1102 3600 1157 3645 to
1177 3594 1455 3655 deprecate
1474 3593 1545 3642 all
1561 3593 1648 3644 the
1665 3594 1872 3645 hon-ors
1893 3593 1952 3649 οἱ
1964 3606 2093 3643 war.
