2459 4075
297 161 399 218 ιο.
499 141 505 146 ’
874 114 1250 214 ῦζοοΒΝ.
1297 155 1604 217 TACITI.
1800 165 2222 250 mammo.
2315 228 2323 234 ,

278 303 418 369 lem,
464 304 524 357 et
567 296 907 376 Cornelium
935 298 1249 371 Laconem,
1299 302 1566 362 Praetorii
1616 304 1990 363 Praefectum.
2075 306 2206 363 Nec

278 381 471 439 minor
486 379 667 453 gratia
680 377 863 446 Icelo,
883 378 1088 437 Galbae
1107 381 1344 452 liberto,
1362 399 1535 458 quem
1556 384 1782 442 annulis
1803 384 2093 454 donatum,
2116 383 2210 462 (k)

282 458 557 536 Equestri
585 457 817 513 nomine
844 466 857 489 ‘
883 457 1253 517 Martianum‘
1272 463 1618 521 vocitabant.
1703 462 1782 520 Hi
1800 464 2122 530 discordes,
2146 473 2206 520 et

276 540 457 598 rebus
483 535 797 593 minoribus
819 535 928 593 sibi
958 538 1203 614 quisque
1227 540 1552 612 tendenteS,
1574 542 1732 599 circa
1769 544 2071 600 consilium
2098 541 2203 598 eli·

278 617 448 694 gendi
488 616 842 672 successoris
887 616 944 671 in
986 616 1124 673 duas
1172 617 1449 677 sactiones
1492 620 1921 679 scindebantur.
1997 620 2212 677 Vinius*

279 716 391 774 pro
415 694 497 750 M.
525 693 792 751 Othone:
839 694 993 750 Laco
1022 702 1194 771 atque
1223 697 1416 756 Icelus
1444 709 1731 758 consensu
1760 708 2008 758 nontam
2029 716 2208 757 unum

279 777 530 850 aliquem
568 773 862 841 fovebant,
893 791 1060 848 quam
1095 776 1288 833 alium.
1371 776 1584 853 Neque
1618 786 1744 836 erat
1780 780 1984 838 Galbae
2011 780 2208 853 ignota

279 852 528 911 Othonis
563 870 626 908 ac
659 849 734 906 Τ.
777 851 933 907 Vinii
978 854 1269 926 amicitia3
1315 864 1375 913 et
1422 859 1748 916 rumoribus
1790 859 1933 916 nihil
1974 857 2207 915 silentio

276 929 803 999 transmittentium,
833 930 996 1007 (quia
1026 932 1199 990 Vinio
1217 935 1389 993 vidua
1406 936 1544 1004 filia,
1572 939 1792 995 caelebs
1819 937 2007 1016 Otho)
2026 954 2210 1012 gener

278 1033 344 1071 ac
378 1030 552 1068 socer
583 1010 1033 1068 destinabantur.
1136 1012 1334 1071 Credo
1392 1022 1452 1072 et
1495 1015 1671 1093 Reip.
1711 1036 1911 1076 curam
1956 1016 2215 1084 subisse,

274 1092 495 1156 frustra
517 1110 547 1146 a
573 1087 816 1144 Nerone
839 1093 1151 1160 translatae,
1180 1093 1227 1149 si
1259 1094 1407 1167 apud
1431 1093 1726 1153 Othonem
1748 1096 2201 1172 relinqueretur.

275 1170 544 1244 Namque
584 1167 742 1224 Otho
772 1169 1078 1242 pueritiam
1106 1171 1419 1231 incuriose.
1463 1172 1910 1233 adolescentiam
1942 1174 2206 1250 petulan-

274 1258 371 1326 ter
408 1255 641 1322 egerat3
701 1255 900 1321 gratus
933 1249 1156 1307 Neroni
1187 1252 1553 1312 aemulatione
1596 1255 1806 1312 luxus:
1858 1272 2050 1327 eoque
2079 1252 2204 1325 jam

277 1330 594 1403 Poppaeam
625 1326 919 1396 Sabinam,
959 1328 1283 1403 principale
1316 1338 1594 1401 scortum,
1632 1340 1694 1389 ut
1726 1332 1877 1408 apud
1904 1329 2205 1389 conscium

274 1408 580 1466 libidinum
607 1405 983 1479 deposuerat,
1011 1408 1198 1464 donec
1226 1409 1529 1468 Octaviam
1553 1430 1798 1471 uxorem
1826 1409 2202 1475 amoliretur:

273 1506 410 1546 mox
439 1490 773 1560 suspectum
795 1485 853 1540 in
882 1485 1085 1543 eadem
1104 1485 1362 1563 Poppaea
1388 1490 1445 1546 in
1463 1490 1821 1566 provinciam
1836 1488 2207 1556 Lusitaniam,

275 1566 480 1644 specie
532 1563 855 1639 legationiS,
909 1566 1189 1641 seposuit.
1277 1568 1456 1640 Otho,
1509 1570 1757 1629 comiter
1802 1555 2208 1628 'administrata
2301 1627 2324 1650 Ι,

272 1645 598 1724 provincia,
630 1643 850 1719 primus
879 1646 935 1702 in
965 1653 1160 1721 partes
1178 1648 1595 1723 transgressus,
1624 1669 1734 1708 nec
1761 1649 1975 1725 segnis,
1995 1653 2075 1717 et,
2102 1646 2205 1703 do·

273 1747 387 1785 nec
420 1725 639 1782 bellum
692 1722 820 1794 fuit,
885 1725 1037 1782 inter
1091 1736 1413 1800 praesentes
1469 1727 1985 1806 splendidissimus,
2040 1743 2207 1803 spem

276 1805 621 1882 adoptionis,
670 1801 857 1861 statim
884 1812 1247 1880 conceptam,
1288 1807 1477 1866 acrius
1505 1810 1564 1866 in
1610 1809 1736 1866 dies
1780 1809 2082 1885 rapiebat:
2122 1802 2204 1860 fa-

273 1886 546 2021 ventlibus
570 1884 873 1962 plerisque
910 1884 1178 1955 militum,
1213 1906 1399 1962 prona
1419 1887 1476 1944 in
1513 1907 1645 1945 eum
1684 1888 1813 1945 aula
1839 1886 2118 1954 Neronis,
2142 1891 2208 1940 ut

278 1986 408 2025 simi
437 1984 549 2022 em.

359 2044 539 2107 XIV.
574 2043 689 2101 Sed
741 2044 947 2113 Galba,
991 2051 1124 2120 post
1165 2046 1408 2104 nuncios
1467 2047 1833 2105 Germanicae
1887 2042 2207 2109 seditionis,

279 2144 623 2206 quamquam
652 2125 796 2182 nihil
825 2126 1010 2183 adhuc
1048 2126 1122 2183 de
1151 2124 1393 2185 Vitellio
1437 2136 1686 2195 certum,
1734 2126 1934 2185 anxius
1963 2139 2209 2201 quonam

278 2206 645 2267 exercituum
687 2207 779 2265 vis
805 2213 1167 2280 erumperet,
1212 2225 1287 2262 ne
1317 2210 1537 2265 urbano
1565 2207 1799 2282 quidem
1840 2205 2008 2262 militi
2028 2200 2206 2261 conli-

277 2309 397 2358 sus,
428 2286 584 2364 quod
612 2286 934 2343 remedium
964 2285 1196 2341 unicum
1224 2287 1486 2353 rebatur,
1503 2285 1734 2341 comitia
1756 2283 1985 2355 imperii
2006 2278 2211 2338 transi-

276 2370 393 2444 git:
442 2365 834 2438 adhibitoque,
866 2380 1047 2435 super
1076 2362 1311 2433 Vinium
1334 2382 1398 2422 ac
1434 2363 1745 2423 Laconem,
1779 2359 1967 2416 Mario
2005 2358 2209 2424 Celso,

279 2447 540 2504 Consule
591 2442 908 2515 designat0‚
955 2460 1020 2496 ac
1062 2440 1367 2498 Ducennio
1395 2441 1666 2509 GeminO,
1702 2437 1991 2499 Praefecto
2024 2438 2208 2504 urbis,

220 2522 227 2529 ’
275 2544 465 2604 pauca
485 2519 759 2599 praefatus
789 2528 804 2552 ‘
829 2519 902 2576 de
941 2538 1042 2575 sua
1062 2526 1388 2590 senectute,
1434 2521 1705 2578 Pisonem
1732 2518 2090 2576 Licinianum
2117 2537 2208 2575 ar·

277 2615 296 2642 ‘
327 2606 499 2664 cessi’
523 2603 696 2679 jubet
723 2623 738 2671 ς
783 2619 886 2656 seu
930 2599 1171 2675 propria
1199 2601 1513 2671 electione,
1536 2600 1686 2666 sive,
1722 2607 1787 2656 ut
1822 2599 2052 2674 quidam
2080 2616 2210 2656 cre-

280 2687 578 2751 diderunt,
603 2681 838 2738 Lacone
860 2680 1128 2748 instante,
1157 2681 1252 2738 cui
1273 2681 1425 2756 apud
1441 2678 1785 2738 Rubellium
1814 2678 2077 2737 Plautum
2105 2695 2204 2734 ex-

284 2766 469 2825 ercita
491 2782 622 2822 curn
663 2760 873 2817 Pisone
900 2759 1185 2818 amicitia:
1233 2763 1335 2818 sed
1363 2761 1595 2828 callide,
1640 2768 1704 2818 ut
1729 2759 2005 2834 ignotum,
2044 2755 2206 2813 fove·

280 2848 379 2905 bat
407 2869 422 2918 3
467 2851 528 2902 et
553 2857 841 2917 prospera
859 2840 932 2896 de
963 2838 1174 2897 Pisone
1192 2839 1340 2898 sama
1366 2840 1607 2899 consilio
1630 2838 1954 2915 ejusfidem
1979 2834 2209 2896 addide-

249 2930 393 2985 ‘rat.
483 2923 639 2994 Piso,
668 2919 748 2976 M.
784 2919 998 2977 Crasso
1030 2927 1088 2977 et
1138 2921 1442 2978 Scribonia
1487 2918 1734 2995 genitus,
1778 2919 1986 2977 nobilis
2017 2914 2211 2976 utrim-

285 3025 423 3087 que,
454 3003 617 3062 vultu
640 3000 954 3076 habituque
977 3000 1154 3057 moris
1185 3002 1423 3077 antiqui,
1451 3008 1511 3058 et
1532 2999 1910 3058 aestimatione
1933 3004 2093 3056 recta
2118 3013 2211 3051 se·
2285 3000 2310 3025 '²

283 3104 485 3154 veruS,
506 3080 767 3140 deterius
796 3081 1311 3156 interpretantibus
1339 3081 1561 3139 tristior
1581 3081 1933 3137 habebatur:
1980 3095 2050 3133 ea
2075 3093 2210 3150 pars

285 3185 515 3224 morum
543 3162 691 3238 ejus,
722 3180 837 3237 quo
858 3162 1187 3236 suspectior
1217 3162 1503 3230 sollicitis,
1531 3157 1819 3235 adoptanti
1844 3157 2129 3232 placebat.

367 3245 500 3302 XV.
549 3240 730 3316 Igitur
780 3241 987 3309 Galba,
1032 3241 1396 3318 adprehensa
1439 3239 1662 3298 Pisonis
1712 3256 1903 3304 manu,
1953 3234 2009 3292 in
2055 3235 2209 3292 hunc

1086 3347 1130 3369 '0

357 3467 388 3515 k
419 3461 645 3512 Annalis
667 3460 919 3507 donatum.
987 3458 1103 3506 One
1141 3457 1200 3505 of
1229 3458 1319 3505 the
1358 3457 1544 3520 badges
1567 3455 1624 3505 of
1637 3456 1725 3504 the
1763 3453 1962 3502 Roman
1996 3449 2213 3512 Knights

295 3546 401 3581 was
423 3545 454 3577 a
476 3529 657 3592 golden
683 3526 831 3587 ring;
867 3525 1029 3571 hence
1052 3524 1243 3571 annulo
1266 3540 1416 3572 aureo
1435 3524 1614 3571 donari
1647 3518 1879 3585 signified
1900 3524 1954 3569 to
1976 3518 2038 3564 be
2058 3517 2219 3562 elect-

296 3598 364 3648 ed
385 3613 419 3646 a.
440 3595 634 3659 might,
660 3591 761 3639 and
781 3592 989 3640 annulis
1008 3590 1244 3640 donatum
1281 3590 1320 3638 is
1343 3592 1468 3639 hore
1492 3588 1616 3637 used
1638 3586 1707 3650 by
1729 3585 1947 3635 Tacitus
1968 3581 2096 3630 with
2132 3579 2221 3627 the

299 3679 439 3715 same
460 3657 805 3726 signification
819 3691 833 3706 .
