2459 4075
170 249 177 253 ,
257 183 335 238 66
863 179 935 239 C.
981 176 1224 240 CORN.
1271 178 1578 238 TACITI.
1767 199 1825 238 A.
1857 198 1916 239 u.
1947 197 2003 237 c.
2038 182 2174 238 822.

257 324 461 400 {soret
482 325 521 398 ;’
582 325 733 403 apud
779 344 994 403 paucos
1023 346 1094 386 ea
1137 324 1322 386 Ducis
1369 325 1516 384 ratio
1564 323 1825 401 probata,
1866 324 1927 386 in
1954 326 2179 401 vulgus

259 405 508 464 adverso
539 419 773 464 rumore
801 404 926 465 suit.
2098 462 2109 468 ,

336 485 585 544 XXVII.
631 484 800 543 Haud
828 484 1073 563 perinde
1099 486 1159 544 id
1185 486 1452 545 damnum
1480 482 1824 544 Vitellianos
1871 484 1929 542 in
1956 489 2179 541 metum

254 566 558 642 compulit,
588 584 759 642 quam
787 567 857 623 ad
897 565 1234 624 modestiam
1275 565 1632 643 composuit:
1679 583 1789 623 nec
1815 564 1996 622 solum
2020 563 2180 639 apud

256 644 575 715 Caecinam,
605 645 700 722 qui
722 647 951 722 culpam
994 654 1009 679 ‘
1042 645 1098 702 in
1129 644 1412 716 militem,’
1462 644 1828 712 conferebat,
1867 655 1884 678 ⁶
1908 642 2179 703 seditioni

259 732 276 758 ‘
306 724 490 801 magis·
529 744 693 801 quam
749 726 960 801 proelio
1006 736 1267 802 paratum
1292 727 1330 797 ς’
1394 725 1556 784 Fabii
1626 743 1860 802 quoque
1913 723 2179 781 Valentis

255 805 446 880 copiae
492 804 634 884 (jam
682 806 836 864 enim
891 804 1163 864 Ticinum
1215 804 1310 886 (k)
1360 804 1633 884 venerat)
1689 803 1880 882 posito
1926 802 2181 871 hostium

256 890 613 961 contemptu,
664 891 724 943 et
760 885 1145 962 recuperandi
1191 885 1424 945 decoris
1467 884 1762 962 cupidine,
1809 882 2179 944 reverentius

256 969 317 1021 et
343 964 621 1041 aequalius
654 964 804 1024 Duci
852 966 1149 1045 parebant.
1233 965 1445 1025 Gravis
1494 965 1746 1042 alioquin
1773 963 1982 1022 seditio
2010 980 2179 1022 exar-

257 1051 432 1114 serat,
482 1064 655 1121 quam
682 1045 890 1106 altiore
937 1044 1100 1104 initio
1152 1044 1374 1125 (neque
1423 1044 1576 1104 enim
1623 1062 1824 1105 rerum
1871 1062 1903 1101 a
1941 1042 2181 1102 Caecina

256 1130 548 1198 gestarum
591 1124 852 1183 ordinem
894 1124 1243 1201 interrumpi
1287 1126 1652 1203 oportuerat)
1694 1130 1977 1202 repetam.
2060 1122 2178 1186 Co-

190 1216 198 1224 ·
258 1202 459 1262 hortes
489 1204 863 1275 Batavorum,
887 1224 1025 1283 quas
1053 1206 1213 1263 bello
1261 1202 1518 1264 Neronis
1546 1226 1578 1263 a
1625 1203 2050 1281 quartadecima
2091 1202 2177 1261 le·

254 1283 427 1364 gione
469 1284 775 1360 digressae,
820 1305 949 1343 cum
991 1285 1346 1343 Britanniam
1375 1291 1667 1362 peterent,
1715 1283 1907 1342 audito
1955 1282 2180 1341 Vitellii
2280 1309 2297 1322 α

256 1372 438 1433 motu,
466 1365 525 1421 in
552 1365 785 1423 civitate
832 1364 1149 1438 Lingonum
1199 1365 1381 1423 Fabio
1412 1364 1644 1423 Valenti
1688 1363 1978 1440 adjunctas
2020 1368 2178 1420 retus

259 1442 453 1511 limus,
502 1445 760 1520 superbe
787 1444 1069 1517 agebant3
1113 1451 1176 1502 ut
1203 1444 1480 1524 cujusque
1507 1444 1749 1520 legionis
1789 1442 2038 1501 tentoria
2084 1460 2179 1501 ac·
2224 1479 2231 1484 ·

260 1521 592 1591 cessissent,
632 1530 648 1555 ‘
679 1522 969 1582 coercitos
1018 1543 1053 1580 a
1092 1541 1157 1581 se
1204 1524 1760 1600 quartadecimanoS,
1787 1523 2029 1582 ablatam
2056 1520 2179 1581 Ne-

264 1608 281 1634 ‘
313 1602 441 1657 roni
489 1602 733 1669 Italiam,
782 1607 954 1679 atque
1010 1622 1237 1660 omnem
1292 1606 1434 1664 belli
1482 1604 1765 1663 fortunam
1813 1604 1871 1661 in
1919 1602 2181 1679 ipsorum

261 1687 277 1712 ‘
308 1700 477 1738 manu
519 1681 726 1752 sitam,'
782 1682 1088 1757 jactantes,
1200 1683 1701 1744 Contumeliosum
1765 1682 1823 1740 id
1879 1682 2177 1753 militibus,

259 1760 535 1829 acerbum
578 1760 770 1819 Ducit
814 1770 1095 1840 conrupta
1138 1763 1349 1840 jurgiis
1372 1823 1375 1826 ,
1398 1757 1497 1824 aut*
1532 1763 1674 1826 rixis
1721 1762 2063 1841 disciplina:
2110 1761 2183 1820 ad

258 1847 615 1915 postremum
645 1839 861 1900 Valens
880 1861 913 1899 e
931 1842 1248 1919 petulantia
1268 1844 1438 1903 etiam
1461 1842 1762 1921 perfidiam
1790 1843 2191 1920 suspectabat.

340 1918 621 1978 XXVIII.
688 1921 868 1997 Igitur
920 1923 1118 1980 nuntio
1173 1922 1382 1995 adlato,
1441 1932 1456 1957 ‘
1493 1924 1717 2000 pulsam
1771 1921 2184 1982 Treverorum

265 2007 281 2031 ‘
313 2000 460 2058 alam
489 1999 878 2079 Tungrosque
920 2023 953 2061 a
978 2004 1162 2063 classe
1210 2002 1457 2077 Othonis
1485 2011 1546 2064 et
1572 2002 2014 2063 Narbonensem
2040 2001 2182 2061 Gal-

261 2087 278 2113 ‘
306 2080 441 2137 liam
488 2080 781 2140 circumiri
804 2083 843 2153 3'
887 2082 1055 2142 simul
1084 2104 1226 2142 cura
1251 2085 1440 2144 socios
1468 2083 1665 2143 tuendi
1709 2090 1770 2142 et
1799 2083 2028 2142 militari
2056 2090 2183 2141 astu

261 2160 536 2219 cohortes
583 2162 993 2233 turbidas,·ac‚
1046 2165 1094 2223 si
1143 2184 1256 2222 una
1299 2165 1512 2235 forent,
1560 2163 1926 2241 praevalidas,
1952 2163 2181 2240 disper-

260 2239 454 2314 gendi,
484 2249 709 2316 partem
738 2241 1086 2302 Batavorum
1126 2253 1141 2278 ‘
1171 2246 1262 2302 ire
1310 2246 1369 2303 in
1397 2243 1731 2303 subsidium’
1771 2243 1978 2320 jubet:
2026 2242 2199 2320 quod·

260 2320 355 2378 ubi
385 2320 637 2380 auditum
665 2322 1091 2399 vulgatumque,
1121 2343 1377 2382 moerere
1406 2324 1572 2394 socii,
1601 2322 1859 2382 fremere
1887 2323 2180 2400 legiones:

262 2407 278 2431 ‘
309 2401 503 2458 orbari
531 2421 595 2459 se
623 2399 1066 2463 fortissimorum
1087 2403 1347 2471 virorum
1388 2404 1639 2463 auxilio:
1686 2410 1922 2462 veteres
1958 2403 2095 2461 illos
2123 2409 2191 2461 et

264 2487 279 2511 ‘
311 2487 394 2537 tot
421 2480 714 2569 bellorum
758 2482 1036 2552 victores,
1079 2490 1383 2570 postquam
1424 2485 1483 2543 in
1520 2490 1837 2561 conspectu
1864 2484 1939 2542 sit
1975 2483 2183 2553 hostis,

193 2618 202 2622 ,
263 2566 279 2592 ‘
311 2558 475 2616 velut
501 2578 575 2617 ex
617 2578 742 2619 acie
767 2561 974 2616 abduci
998 2580 1012 2615 ε
1057 2577 1105 2616 si
1132 2563 1437 2636 provincia
1456 2565 1602 2619 urbe
1643 2567 1703 2618 et
1729 2564 1912 2619 salute
1942 2561 2186 2638 Imperii

261 2645 288 2707 ζ
309 2637 504 2712 potior
530 2632 1007 2716 sitgomnesillue
1050 2647 1476 2718 sequerentur:
1522 2640 1610 2698 sin
1647 2638 1914 2699 victoriae
1954 2639 2187 2713 sanitas,

261 2724 279 2750 ⁴
309 2716 781 2787 sustentaculum,
811 2719 1079 2775 columen
1108 2719 1166 2776 in
1215 2719 1379 2779 Italia
1414 2725 1770 2791 verteretur,
1813 2737 1928 2778 non
1956 2720 2185 2780 abrum-
2268 2779 2289 2786 ,

257 2801 280 2828 ··
312 2793 561 2871 pendOS,
589 2802 651 2853 ut
670 2796 929 2874 corpori,
957 2797 1340 2857 validissimos
1362 2801 1561 2859 artus.'

342 2872 564 2931 XXIX.
610 2874 757 2935 Haec
785 2875 1067 2935 ferociter
1102 2878 1395 2953 jactando,
1444 2886 1773 2958 postquam,
1805 2879 2053 2939 inmissis
2076 2880 2183 2944 lice

262 2953 509 3025 toribus,
538 2953 755 3015 Valens
783 2975 1067 3016 coercere
1096 2958 1437 3019 seditionem
1460 2961 1768 3038 coeptabat,
1811 2960 1999 3039 ipsum
2025 2962 2184 3019 inva-

262 3032 423 3105 dunt,
445 3053 586 3094 saxa
620 3037 861 3114 jaciunt,
883 3036 1198 3114 fugientem
1242 3046 1578 3115 sequuntur,
1610 3048 1625 3075 ‘
1651 3039 1837 3118 spolia
1862 3040 2187 3100 Galliarum

266 3119 281 3146 ‘
317 3120 376 3171 et
397 3113 812 3177 Viennensium
835 3137 1033 3177 aurum
1054 3116 1132 3198 (l)
1159 3126 1218 3177 et
1239 3122 1428 3196 pretia
1445 3120 1710 3179 laborum
1732 3139 1971 3179 suorum
1990 3120 2186 3178 occul-

261 3200 279 3228 ‘
304 3195 474 3263 tare‚'
498 3196 876 3267 clamitantes,
904 3198 1149 3276 direptis
1173 3200 1441 3271 sarcinis,
1473 3201 1844 3259 tabernacula
1873 3199 2073 3269 DuciS,
2095 3199 2186 3276 ip÷

262 3291 505 3356 samque
533 3276 775 3336 humum
815 3277 949 3355 pilis
995 3284 1057 3338 et
1082 3279 1303 3340 lanceis
1352 3281 1739 3339 rimabantur:
1787 3298 1924 3338 nam
1968 3279 2189 3369 Vglens

301 3553 312 3563 ·
331 3491 363 3540 k
396 3488 649 3549 Ticinum,
663 3506 698 3539 a
717 3490 820 3553 city
839 3490 973 3542 built
992 3491 1064 3556 by
1079 3494 1171 3544 the
1193 3454 1521 3560 Transalpine
1543 3495 1723 3557 Gauls,
1743 3511 1806 3545 on
1826 3496 1915 3546 the
1937 3495 2075 3546 river
2097 3494 2189 3577 Ui,-

267 3568 500 3670 exquffhe
521 3620 699 3684 people
733 3620 790 3670 of
817 3620 1009 3673 Vienne
1029 3637 1166 3672 were
1182 3625 1381 3690 obliged
1401 3632 1453 3678 to
1474 3628 1716 3693 purchase
1737 3627 1824 3678 the
1847 3625 2124 3693 protectioni
2141 3628 2202 3678 of

265 3683 472 3738 Valens.
509 3686 642 3737 nist.
661 3684 698 3736 i.
715 3701 752 3738 s.
775 3688 856 3738 66.
