2459 4075
273 170 382 226 106
866 166 938 225 C.
987 164 1235 224 CORN.
1281 166 1592 226 TACITI.
1746 165 1844 230 Ἀ.
1872 190 2024 242 mc.
2056 177 2193 231 822.

265 319 495 373 uerent.
583 310 925 371 Trahuntur
952 314 1010 373 in
1050 321 1249 394 partes
1294 314 1430 373 Sido
1478 322 1650 393 atque
1698 317 1954 389 ItalicuS,
2005 318 2202 395 Reges

268 394 616 463 Suevorum‚
660 393 790 470 quis
820 402 985 454 vetus
1023 394 1372 471 obsequium
1421 414 1561 471 erga
1601 396 1911 468 RomanoS,
1954 405 2017 457 et
2054 418 2201 473 gens

265 474 403 533 fidei
445 473 768 548 commissae
818 477 1163 551 patientior:
1211 476 1400 551 posita
1445 476 1505 533 in
1547 476 1690 535 latus
1717 478 1949 549 auxilia,
1991 478 2206 538 infesta

263 554 479 624 Raetia,
506 555 600 640 cui
626 554 857 613 Portius
887 557 1238 635 Septiminus
1269 556 1621 615 Procurator
1648 566 1791 629 erat,
1836 559 2203 635 incorruptae

266 654 405 711 erga
427 635 733 695 Vitellium
753 635 910 702 fidei.
996 638 1178 714 Igitur
1200 637 1476 695 Sextilius
1505 637 1698 710 Felix,
1714 659 1850 697 cum
1878 640 1967 697 ala
1993 639 2202 697 Auria-

266 736 340 774 na
386 715 483 798 (g)
536 724 597 774 et
655 724 787 774 octo
837 718 1177 777 cohortibus
1226 736 1292 775 ac
1340 716 1697 777 Noricorum
1741 718 2076 794 juventute,
2133 719 2208 778 ad

268 797 656 876 occupandam
680 797 865 873 ripam
898 798 1035 857 AEni
1064 797 1338 868 fluminiS‚
1362 797 1455 877 (h)
1487 799 1642 874 quod
1666 799 1891 859 Rhetos
1919 800 2203 862 Noricos·

266 897 380 954 que
410 876 711 947 interfluit,
739 876 983 937 missus:
1030 899 1166 950 nec,
1193 879 1285 936 his
1314 880 1410 937 aut
1450 878 1565 936 illis
1613 880 1889 956 proelium
1931 883 2201 942 tentanti-

264 957 397 1028 buS‚
426 957 656 1015 fortuna
686 958 934 1035 partium
964 961 1100 1019 alibi
1128 965 1433 1018 transacta.

347 1038 455 1098 VI.
501 1039 774 1108 Antoni0‚
816 1041 1156 1099 vexillarios
1205 1060 1241 1098 e
1269 1038 1608 1100 cohortibus
1658 1048 1719 1099 et
1765 1049 1993 1119 partem
2035 1044 2197 1121 equi·

266 1124 390 1179 tum
421 1119 493 1177 ad
512 1118 891 1178 invadendam
930 1121 1154 1181 Italiam
1190 1120 1461 1200 rapienti,
1484 1139 1682 1180 comes
1714 1120 1830 1181 ‘suit
1851 1124 2055 1181 Arrius
2084 1123 2199 1182 Va-

264 1222 392 1275 rus,
433 1208 705 1260 strenuus
747 1202 940 1260 bello:
988 1221 1157 1281 quam
1193 1200 1435 1277 gloriam
1480 1208 1540 1260 et
1585 1201 1701 1260 dux
1743 1201 2006 1262 Corbulo
2033 1203 2116 1284 (i)
2141 1211 2203 1262 et

266 1300 571 1363 prosperae
628 1281 687 1339 in
744 1282 1022 1342 Armenia
1068 1301 1165 1341 res
1210 1281 1564 1340 addiderant.
1677 1282 1862 1353 Idem,
1912 1291 1928 1318 ‘
1953 1284 2199 1343 secretis

270 1375 286 1400 ⁶
316 1363 468 1441 apud
516 1361 819 1420 Neronem
851 1363 1227 1432 rumoribuS‚'
1272 1360 1593 1432 serebatur,
1643 1363 2032 1422 ‘Corbulonis
2079 1366 2200 1423 vir-

271 1455 286 1481 ‘
311 1442 465 1505 tutes
483 1442 813 1500 criminatus
834 1443 873 1499 :⁹
919 1443 1094 1512 unde,
1122 1440 1319 1500 infami
1346 1443 1527 1518 gratia
1542 1442 1791 1521 primum
1812 1444 1992 1520 pilum
2023 1445 2201 1522 adep-

265 1532 349 1596 to,
376 1525 511 1582 laeta
538 1522 607 1579 ad
635 1540 896 1598 praesens
919 1523 1068 1580 male
1091 1529 1294 1599 parta,
1333 1542 1468 1581 mox
1482 1524 1558 1584 'in
1586 1524 1909 1599 perniciem
1936 1532 2201 1584 vertere.

259 1605 383 1663 Sed
416 1604 645 1661 Primus
684 1621 749 1658 ac
793 1601 1006 1672 Varus,
1052 1611 1405 1679 occupantes
1434 1604 1714 1679 Aquileiae
1746 1604 2013 1681 proxima
2041 1626 2202 1684 quae-

270 1685 406 1765 que,
437 1692 497 1743 et
523 1682 815 1758 Opitergii
856 1690 917 1740 et
963 1682 1142 1740 Altini
1171 1684 1321 1742 laetis
1350 1684 1552 1742 animis
1581 1684 1980 1762 accipiuntur:
2028 1686 2205 1746 relic·

267 1775 391 1826 tum
422 1764 604 1824 Altini
633 1762 965 1840 praesidium
997 1764 1276 1822 adversus
1298 1766 1559 1834 ,classem
1609 1765 2027 1838 Ravennatem,
2058 1786 2201 1825 non-

268 1848 402 1905 dum
441 1844 773 1903 defectione
804 1844 938 1920 ejus
953 1843 1175 1906 audita:
1221 1843 1355 1902 inde
1386 1844 1685 1906 Patavium
1709 1852 1768 1903 et
1793 1847 1996 1905 Ateste
2025 1846 2205 1923 parti-

267 1930 377 1985 bus
407 1925 729 2003 adjunxere
759 1946 772 1981 ε
804 1923 900 2003 (j)
944 1925 1064 1983 illic
1091 1926 1408 1999 cognitum,
1440 1932 1456 1958 ⁶
1481 1932 1602 1986 tres
1631 1925 1970 1984 Vitellianas
1991 1928 2208 1985 cohor·
2240 1931 2247 1938 '

271 2015 401 2067 ‘tes
450 2015 511 2066 et
558 2007 730 2077 alam,
774 2006 868 2064 cui
913 2003 1255 2064 Sebonianae
1307 2024 1542 2076 nomen,
1586 2006 1655 2064 ad
1704 2007 1924 2067 Forum
1967 2007 2207 2079 Allieni,

274 2099 292 2126 ‘
323 2099 503 2168 ponte
532 2087 763 2164 junctu,
794 2087 1131 2146 consedisse
1153 2089 1194 2144 :'
1239 2086 1459 2164 placuit
1496 2088 1724 2145 occasio
1767 2087 2076 2159 invadendi
2118 2089 2206 2146 in-

269 2171 570 2230 curiosos:
618 2188 746 2226 nam
774 2168 832 2225 id
861 2187 1093 2246 quoque
1137 2168 1539 2245 nuntiabatur:
1586 2169 1718 2226 luce
1742 2170 1930 2246 prima
1948 2169 2208 2228 inermos

207 2246 208 2249 '
270 2245 591 2329 plerosque
620 2267 999 2326 oppressere.
1080 2246 1460 2317 Praedictum,
1485 2255 1501 2281 ⁴
1532 2255 1612 2318 ut,
1642 2240 2207 2324 paucis'interfectis‚

274 2341 290 2367 ‘
322 2338 556 2392 ceteros
586 2348 805 2406 pavore
833 2329 903 2385 ad
948 2328 1275 2386 mutandam
1304 2327 1478 2386 fidem
1519 2329 1860 2404 cogerent:’
1907 2338 1966 2388 et
2010 2329 2207 2400 fuere,

270 2413 372 2492 qui
400 2432 464 2472 se
494 2412 686 2469 statim
707 2409 1027 2466 dederent:
1075 2407 1276 2483 plures
1298 2409 1543 2484 abrupto
1566 2416 1766 2486 ponte,
1789 2408 2022 2469 instanti
2051 2412 2207 2469 hosti

272 2495 426 2553 viam
445 2490 823 2550 abstulerunt.
1447 2557 1456 2565 θ

323 2572 490 2632 -νΙΙ,
535 2568 786 2642 Vulgata
834 2565 1100 2637 victoria,
1151 2576 1283 2644 post
1337 2567 1628 2644 principia
1693 2570 1837 2628 belli
1886 2569 2206 2629 secundum

272 2651 600 2717 FlavianoS,
630 2648 755 2706 duae
800 2645 1083 2720 legioneS‚
1132 2650 1379 2724 septima
1425 2648 1726 2720 Galbiana,
1768 2650 1939 2710 tertia
1977 2650 2209 2708 decima

259 2732 543 2807 Gemina,
594 2747 728 2786 cum
780 2725 972 2783 Vedio
1020 2728 1252 2805 Aquila,
1322 2729 1565 2803 Legato,
1635 2729 1927 2790 Patavium
1981 2730 2207 2788 alacres

274 2809 550 2871 veniunt:
598 2808 675 2864 ibi
706 2806 872 2882 pauci
913 2805 1037 2863 dies
1087 2809 1155 2866 ad
1205 2809 1471 2885 requiem
1520 2812 1771 2886 sumpti:
1818 2818 1877 2869 et
1919 2809 2204 2868 Minucius

274 2892 496 2957 Justus‚
537 2886 856 2946 Praefectus
895 2893 1241 2957 castrorum,
1270 2888 1512 2964 legionis
1536 2891 1821 2966 septimae,
1846 2892 1980 2968 quia
2000 2890 2231 2951 adduc-⁷

274 2973 411 3040 tius,
437 2989 602 3048 quam
632 2968 790 3027 civili
822 2968 999 3038 belle,
1027 2967 1418 3044 imperitabat,
1455 2971 1778 3029 subtractus
1806 2972 2049 3031 militum
2075 2971 2205 3041 irae,

280 3054 349 3115 ad
372 3051 790 3130 Vespasianum
834 3049 1038 3107 missus
1067 3057 1174 3107 est.
1265 3049 1608 3109 Desiderata
1645 3051 1742 3110 diu
1767 3070 1884 3122 τρε,
1914 3051 2205 3128 interpre—

347 3269 383 3315 g
416 3252 462 3299 A
469 3254 517 3300 la
533 3251 791 3302 Auriana.
833 3306 838 3312 Δ
861 3250 904 3298 Α
939 3247 1188 3310 squadron
1210 3246 1268 3296 of
1293 3246 1457 3305 horse,
1499 3248 1628 3295 most
1661 3245 1912 3308 probably
1946 3245 2077 3293 from
2119 3244 2208 3293 the

263 3317 390 3379 city
411 3317 467 3364 os
481 3317 667 3375 Auria,
688 3317 738 3363 in
764 3314 932 3375 Spain.

352 3386 387 3431 h
420 3381 593 3437 AEnuS,
616 3398 644 3427 a
677 3380 813 3428 river
833 3376 985 3442 'rising
1006 3380 1057 3427 in
1077 3381 1164 3428 the
1185 3385 1399 3442 country
1418 3377 1478 3426 of
1505 3377 1592 3425 the
1616 3377 1845 3440 Grisom,
1871 3376 1971 3424 and
1992 3373 2215 3440 running

286 3452 467 3498 thence
489 3445 592 3492 into
613 3448 701 3492 the
723 3443 959 3491 Danube.

354 3519 376 3564 i
409 3513 510 3560 For
526 3508 791 3558 Corbulo's
814 3509 1028 3557 conduct
1046 3509 1097 3557 in
1116 3511 1371 3567 Armenia,
1387 3525 1469 3558 see
1492 3510 1619 3558 Arm.
1646 3509 1722 3558 13.

353 3583 375 3644 7·
410 3574 745 3639 Opitergium,
773 3589 888 3621 now
913 3575 1115 3633 oder-zo,
1152 3576 1398 3633 Altinum,
1441 3591 1505 3623 on
1526 3576 1614 3631 the
1637 3573 1887 3632 Adriatic,
1908 3584 2021 3620 now
2040 3566 2227 3642 called*

285 3634 486 3702 Altino,
502 3640 784 3697 Patavium,
804 3655 918 3688 now
933 3640 1094 3687 called
1120 3641 1317 3698 Padum,
1339 3643 1436 3690 and
1473 3642 1644 3690 Ateste
1659 3640 1841 3691 situate
1862 3655 1893 3686 a
1908 3637 2035 3685 little
2057 3636 2213 3685 south

295 3714 344 3765 ot
361 3708 628 3765 Patavium
647 3720 783 3754 were
807 3707 874 3756 all
895 3703 949 3752 in
969 3705 1056 3755 the
1080 3705 1325 3754 Venetian
1341 3707 1594 3770 territory.
