2459 4075
234 97 322 176 49
819 93 895 154 e.
940 92 1185 156 conN.
1234 88 1543 152 ΤΑοιΤι.
1623 135 1632 142 .
1734 110 1793 150 Α.
1825 110 1965 154 m.
2012 98 2168 200 ρει),

238 257 259 284 e
286 207 602 314 tum-voces
622 233 774 304 ullus
804 260 1052 319 unquam
1080 240 1377 306 exercitus
1400 237 1607 298 audiat.
1690 237 2170 319 Caputilmperii,

238 338 255 364 ⁶
287 336 348 387 et
372 327 590 386 decora
637 323 891 382 omnium
931 321 1388 400 provinciarum,
1427 318 1496 377 ad
1524 337 1750 396 poenam
1780 340 2019 392 vocare,
2048 343 2170 388 non
2279 372 2286 378 .

239 414 255 443 ‘
284 408 491 468 hercle
533 404 641 474 illi,
691 421 835 480 quos
863 421 992 462 cum
1038 402 1287 461 maxime
1316 398 1588 460 Vitellius
1615 398 1672 456 in
1702 418 1804 457 nos
1833 401 1970 472 ciet,
2012 402 2172 462 Ger—

238 484 258 524 2
284 490 436 550 mani
478 486 740 544 audeant.
823 482 949 552 Ulli
994 502 1071 542 ne
1114 481 1295 540 Italiae
1325 483 1559 551 alumni,
1606 487 1666 548 et
1712 478 1971 539 Romana
2018 503 2169 545 vere

237 575 257 603 ‘
275 547 593 647 juventus,
609 565 678 622 ad
706 562 1041 639 sauguinem
1089 570 1150 624 et
1188 561 1416 620 caedent
1462 562 1853 638 deposcerent
1880 562 2171 640 ordinem,
2209 628 2220 634 ‚

237 660 253 685 ‘
284 649 455 725 cujus
492 644 809 722 splendore
852 651 913 701 et
952 642 1135 718 gloria
1177 641 1379 699 sordes
1423 647 1482 699 et
1524 640 1935 700 obscuritatem
1977 641 2171 702 vitel.

237 735 256 765 ‘
284 730 565 792 lianarum
613 723 862 800 partium
888 721 1384 800 praestringimus?
1467 720 1746 780 Nationes
1801 722 2020 799 aliquas
2068 743 2170 784 oc-

238 818 256 845 ·
285 807 522 884 cupavit
576 803 871 873 Vitellius,
919 802 1227 878 imaginem
1278 797 1559 878 quandam
1605 801 1901 860 exercitus
1949 804 2123 863 habet
2147 832 2167 869 ς

240 899 256 924 ‘
289 890 531 948 Senatus
574 884 874 942 nobiscum
904 889 1017 941 est.
1099 880 1193 940 Sic
1239 881 1325 951 fit,
1354 891 1417 940 ut
1453 882 1589 939 hinc
1613 880 1987 957 Respublica,
2031 888 2167 948 inde

238 978 255 1005 ⁴
287 969 511 1036 hostes
542 963 910 1041 Reipublicae
959 962 1344 1020 constiterint.
1430 960 1628 1032 Quid?
1689 979 1793 1019 vos
1835 965 2166 1038 pulcherri-

241 1054 257 1083 ‘
287 1067 437 1110 mam
464 1047 613 1104 hanc
652 1046 859 1103 urbem
899 1042 1164 1101 domibus
1193 1048 1254 1098 et
1299 1040 1468 1100 tectis
1512 1048 1572 1098 et
1598 1050 1873 1117 congestu
1914 1044 2168 1122 lapidum

241 1136 256 1163 ‘
288 1134 443 1188 stare
470 1123 754 1185 creditis?
836 1122 1000 1182 Muta
1026 1124 1129 1180 ista
1178 1128 1240 1179 et
1266 1121 1513 1179 inanima
1559 1120 1916 1184 intercidere
1962 1144 2028 1184 ac
2069 1146 2168 1186 re·

242 1213 259 1242 ‘
290 1205 482 1286 parari
525 1204 857 1282 promiscua
922 1211 1090 1260 sunt:
1153 1200 1444 1260 aeternitas
1492 1220 1691 1259 rerum
1734 1208 1795 1261 et
1845 1223 1958 1279 pax
2023 1225 2165 1280 gen.

241 1296 256 1323 ‘
287 1288 432 1352 tium
460 1293 520 1345 et
547 1306 676 1345 mea
721 1303 855 1350 cum
892 1290 1099 1344 ‚vestra
1143 1282 1295 1339 salus
1344 1282 1734 1340 incolumitate
1783 1282 2025 1348 Senatus
2064 1286 2165 1345 fir.

237 1377 256 1402 ‘
286 1373 495 1428 matur.
580 1365 754 1422 Hunc
803 1362 1095 1437 auspicato
1148 1382 1182 1420 a
1234 1370 1478 1437 parente
1536 1371 1596 1422 et
1647 1363 1949 1424 conditore
2003 1368 2166 1425 urbis

240 1456 255 1475 ‘
287 1452 502 1506 nostrae
532 1441 873 1512 institutum,
902 1448 964 1499 et
996 1463 1030 1499 a
1058 1440 1315 1518 Regibus
1363 1461 1547 1518 usque
1576 1441 1646 1500 ad
1674 1441 2000 1521 PrincipeS‚
2027 1466 2164 1505 con·

235 1535 252 1562 ‘
283 1526 507 1586 tinuum
534 1531 594 1582 et
617 1521 1007 1591 inmortalem,
1053 1522 1202 1580 sicut
1246 1541 1279 1578 a
1322 1522 1637 1598 majoribus
1685 1525 2039 1600 accepimus,
2083 1529 2165 1586 sic

239 1614 259 1641 ⁴
289 1604 540 1684 posteris
568 1599 874 1664 tradamus.
934 1600 1134 1673 ,Nam‚
1166 1608 1228 1659 ut
1257 1620 1329 1659 ex
1372 1602 1539 1660 vobis
1587 1602 1919 1675 Senatores,
1968 1606 2048 1664 ita
2091 1625 2166 1665 ex

241 1689 258 1719 ³
292 1683 667 1743 Senatoribus
694 1681 1001 1758 Principes
1028 1681 1380 1742 naseuntur?

319 1761 618 1826 LXXXV.
680 1762 766 1820 Ea
817 1763 1001 1821 oratio
1069 1761 1139 1820 ad
1186 1760 1655 1838 perstringendos
1709 1763 2166 1841 mulcendosque

237 1844 484 1910 militum
522 1842 759 1911 animos,
809 1848 871 1900 et
907 1842 1237 1904 severitatis
1258 1841 1461 1899 modus
1494 1840 1714 1920 (neque
1745 1842 1897 1902 enim
1937 1845 1993 1902 in
2036 1847 2165 1921 plu-

241 1943 362 1994 res,
418 1942 590 2000 quam
642 1922 703 1980 in
743 1922 886 1980 duos
935 1921 1312 1982 animadverti
1355 1920 1641 2001 jusserat)
1683 1928 1844 1996 grate
1903 1934 2167 2002 accepta,

242 2003 669 2083 compositique
736 2003 805 2062 ad
860 2021 1144 2080 praesens»,
1212 2002 1312 2078 qui
1385 1998 1682 2060 coerceri=
1709 2021 1822 2061 non
1878 2010 2164 2082 poterant.

240 2084 377 2145 Non
402 2092 594 2144 tamen
622 2086 788 2162 quies
817 2084 948 2142 urbi
985 2084 1241 2145 redierat
1264 2106 1276 2141 ε
1323 2083 1599 2158 strepitus
1622 2083 1880 2147 telorum,
1902 2091 1963 2143 et
1989 2084 2166 2144 facies

240 2166 384 2225 belli
433 2172 601 2227 erat:
648 2164 946 2239 militibus,
1001 2171 1071 2229 ut,
1108 2163 1272 2229 nihil,
1301 2164 1359 2221 in
1387 2181 1694 2222 commune
1743 2164 2167 2236 turbitantibuS,

240 2245 555 2322 itasparsis
585 2264 697 2321 per
741 2244 966 2314 domos,
994 2240 1224 2301 occulto
1266 2244 1487 2310 habitu,
1542 2244 1604 2302 et
1648 2245 1890 2319 maligna
1943 2265 2083 2303 cura
2109 2246 2167 2303 in

242 2334 465 2395 omnes»,
496 2344 645 2402 quos
670 2324 934 2382 nobilitas
962 2330 1059 2379 aut
1086 2341 1228 2396 opes
1267 2329 1364 2385 aut
1410 2324 1600 2399 aliqua
1626 2323 1859 2398 insignis
1888 2324 2165 2384 claritudo
2261 2369 2270 2377 .

243 2405 574 2467 rumoribus
622 2403 940 2478 objecerat.
1026 2400 1369 2461 Vitellianos
1399 2422 1633 2479 quoque
1673 2404 1883 2463 milites
1937 2405 2166 2464 venisse

238 2485 301 2544 in
343 2485 552 2543 urbem
579 2482 648 2540 ad
675 2481 859 2547 studia
886 2480 1147 2556 partium.
1181 2483 1492 2550 noscenda,
1520 2482 1791 2560 plerique
1825 2484 2160 2544 credebant.

243 2563 416 2629 Unde
469 2563 644 2640 plena
671 2560 860 2621 omnia
894 2560 1306 2636 suspicionum,
1360 2568 1422 2620 et
1471 2561 1571 2621 vix
1613 2570 1843 2623 secreta
1894 2564 2161 2622 domuum

244 2643 372 2721 sine
423 2640 753 2705 formidine.
840 2641 955 2698 Sed
1001 2641 1313 2717 plurimum
1346 2642 1745 2717 trepidationis
1800 2644 1859 2701 in
1901 2644 2157 2719 publico,

245 2720 328 2782 Ut
375 2740 671 2801 quemque
721 2720 981 2785 nuntium
1046 2719 1195 2793 fama
1242 2721 1559 2794 adtulisset,
1616 2722 1863 2783 animum
1917 2720 2161 2783 vultum·

244 2810 361 2882 (sue
418 2800 727 2868 conversi,
781 2819 854 2857 ne
922 2799 1188 2859 diffidere
1259 2801 1448 2858 dubiis
1510 2822 1575 2859 ac
1648 2822 1852 2877 parum
1911 2803 2162 2878 gaudere

244 2878 550 2961 prosperis
603 2880 962 2939 viderentur.
1011 2879 1109 2958 (u)
1188 2880 1410 2939 Coacto
1460 2900 1604 2941 vero
1670 2884 1727 2940 in
1775 2881 1998 2943 curiam
2057 2884 2160 2941 Se-

243 2969 401 3030 natu,
465 2961 696 3021 arduus‘
724 2979 922 3021 rerum
984 2960 1237 3021 omnium
1289 2962 1511 3029 moduS,
1581 2981 1655 3019 ne
1719 2967 2027 3027 contumax
2088 2963 2159 3021 si-

238 3042 509 3112 lentium,
537 3060 611 3099 ne
657 3046 928 3116 suspecta
968 3039 1227 3098 libertas·
1314 3039 1389 3098 Et
1415 3041 1645 3118 privato
1694 3041 1911 3100 Othoni
1954 3061 2158 3119 nuper,

245 3129 420 3199 atque
468 3121 670 3181 eadem
723 3121 960 3189 dicenti,
1010 3119 1435 3187 nota‚adulati0.
1520 3120 1700 3193 Igitur
1745 3141 2004 3185 versare,
2034 3141 2159 3180 sen·

240 3201 472 3270 tentias,
521 3208 580 3258 et
626 3201 742 3257 huc
766 3208 941 3277 atque
987 3199 1127 3258 illuc
1155 3207 1457 3275 torquere,
1490 3208 1506 3233 ‘
1538 3201 1764 3259 hostem
1813 3210 1873 3260 et
1917 3201 2156 3278 parrici-

245 3287 269 3315 ⁴
296 3281 444 3339 dam’
490 3279 793 3337 Vitellium
820 3286 1133 3339 vocantes:
1179 3279 1716 3356 providentissimus
1765 3284 2011 3360 quisque
2039 3282 2159 3340 vul·

258 3446 262 3451 ’
305 3438 351 3475 u
380 3421 444 3474 Ut
464 3438 712 3487 quemque,
735 3429 819 3473 etc.
886 3420 1166 3472 Whatever
1186 3438 1290 3472 was
1309 3424 1397 3472 the
1433 3437 1643 3472 rumour
1665 3425 1724 3472 of
1735 3426 1820 3473 the
1843 3424 1959 3488 day,
1980 3427 2049 3474 all
2070 3426 2151 3481 de·

331 3503 383 3536 es
404 3488 502 3536 and
534 3490 681 3536 ranks
706 3503 839 3536 were
873 3488 1073 3552 obliged
1105 3494 1157 3537 to
1179 3496 1254 3537 set
1286 3491 1418 3539 their
1451 3489 1581 3541 faces
1610 3491 1685 3538 for
1705 3491 1793 3538 the
1828 3492 2077 3541 occasion:
2109 3488 2153 3540 is

370 3555 494 3616 they
513 3569 649 3603 were
678 3552 837 3607 afraid
864 3554 922 3603 of
941 3554 1159 3619 seeming
1186 3561 1239 3604 to
1264 3555 1509 3618 despond3
1544 3556 1656 3613 and,
1683 3555 1730 3602 if
1742 3557 2035 3621 propitious,
2056 3549 2142 3606 ιιῐιὶ

217 3620 431 3686 willing
449 3626 503 3669 to
517 3621 584 3670 be
599 3620 817 3705 thought¹
831 3621 1105 3670 buckward
1124 3623 1176 3670 in
1194 3621 1606 3671 demonstratione
1628 3622 1796 3685 osjoy.
