2459 4075
252 203 326 258 aa
760 167 767 173 ’
859 192 931 252 ο.
978 190 1220 253 CORN.
1269 188 1615 276 mom„
1766 221 1916 264 A015.
1949 226 2005 266 c.
2041 178 2183 267 '8222

252 345 359 403 ‘ad
391 359 606 402 summa
632 338 851 399 militiae
879 346 1245 415 provectum.
1330 341 1579 401 Facilius
1616 343 1924 409 universos
1951 349 2182 429 inpelli,

252 432 457 503 ‘quam
486 422 740 497 singulos
767 420 959 478 vitari.
1161 473 1165 477 .
1670 489 1685 496 -

328 502 600 563 LXXVI.
647 499 754 557 His
772 499 1083 575 pavoribus
1110 505 1424 571 nutantem,
1456 509 1517 562 et
1543 503 1639 562 alii
1666 504 1867 582 Legati
1889 512 2177 592 amicique

248 583 573 651 firmabant,
598 586 661 639 et
682 579 1005 649 Mucianus,
1034 586 1165 655 post
1190 581 1401 639 multos
1439 592 1819 662 secretosque
1846 605 2173 666 sermones,
2219 659 2221 661 ,

237 662 364 739 jam
384 670 446 722 et
463 679 659 720 coram
680 658 764 738 (s)
791 659 867 716 ita
887 660 1110 717 locutus
1133 659 1150 716 ἓ
1197 667 1212 692 ‘
1236 660 1482 733 Omnes,
1501 664 1599 740 qui
1619 684 2177 750 magnarumrerum

250 742 522 801 ‘consilia
547 739 887 816 suscipiunt,
924 738 1213 797 aestimare
1241 738 1479 813 debent,
1523 762 1614 813 an,
1643 747 1798 822 quod
1843 747 2175 825 inchoatur,

248 828 263 856 ι
285 820 650 899 Reipublicae
681 819 841 887 utile,
879 818 1020 894 ipsis
1067 818 1408 895 gloriosum,
1440 829 1537 881 aut
1581 833 1916 903 promptum
1938 828 2176 909 effectu,

246 909 262 936 ‘
287 911 380 960 aut
405 907 570 960 certe
588 918 702 956 non
731 897 972 956 arduum
991 897 1083 956 sit.
1169 898 1348 958 Simul
1366 898 1516 978 ipse,
1541 903 1637 981 qui
1659 906 1880 976 suadet,
1904 910 2171 971 conside-

238 989 262 1015 “
282 982 501 1040 raudus
520 986 627 1048 est,
650 978 953 1055 adjiciatne
981 975 1223 1037 consilio
1246 980 1574 1055 periculum
1594 1000 1755 1043 suum
1774 1008 1789 1054 ς
1835 993 1917 1057 et,
1946 992 1994 1048 si
2023 991 2171 1050 For.

240 1062 410 1120 ‘tuna
436 1059 643 1136 coeptis
667 1057 938 1127 adfuerit,
966 1058 1059 1116 cui
1079 1075 1360 1117 summum
1388 1061 1564 1121 decus
1601 1062 1958 1141 adquiratur.
2043 1069 2171 1146 Ego

244 1145 259 1173 ⁸
279 1148 362 1212 te,
391 1139 774 1216 Vespasiane,
797 1139 865 1195 ad
896 1138 1211 1214 Imperium
1246 1157 1418 1210 voco,
1452 1146 1565 1200 tam
1597 1144 1843 1202 salutare
1867 1146 2169 1225 Reipubli-

239 1227 257 1253 ‘
276 1240 387 1293 cae,
410 1239 581 1298 quam
600 1217 1114 1294 tibi-magnificum.
1198 1216 1372 1279 Juxta
1402 1220 1583 1291 Deos,
1611 1221 1671 1280 in
1693 1230 1787 1282 tua
1811 1244 1981 1285 manu
2010 1229 2167 1305 posi·

242 1307 399 1362 ‘tum
420 1306 528 1360 est.
608 1297 741 1357 Nec
761 1297 1021 1375 speciem
1051 1297 1332 1357 adulantis
1361 1303 1672 1378 expaveris
1696 1326 1710 1361 ι
1742 1324 1775 1361 a
1795 1309 2168 1379 contumelia,

241 1387 260 1413 ‘
280 1400 447 1459 quam
464 1379 691 1438 alaude
727 1377 969 1454 propius
1002 1375 1201 1446 fuerit,
1221 1388 1356 1454 post
1381 1380 1706 1459 Vitellium,
1725 1383 1877 1459 eligi.
1906 1386 1985 1465 (t)
2031 1387 2170 1447 Non

240 1466 258 1493 ‘
278 1461 556 1519 adversus
583 1458 657 1514 D.
684 1457 921 1530 Augusti
942 1455 1284 1517 acerrimam
1303 1467 1580 1531 mentem,
1604 1482 1714 1521 nec
1736 1464 2008 1524 adversus
2029 1486 2167 1530 cau-

241 1539 550 1597 ‘tissimam
583 1535 811 1594 Tiberii
845 1542 1227 1606 senectutem,
1266 1557 1341 1597 ne
1381 1545 1585 1600 contra
1620 1540 1750 1600 Caii
1783 1544 2035 1621 quidem,
2070 1555 2168 1607 aut

243 1637 259 1653 ·
284 1617 532 1685 Claudii,
559 1616 659 1673 vel
687 1614 965 1684 Neronis,
992 1613 1278 1675 fundatam
1318 1619 1491 1695 longo
1520 1621 1776 1698 Imperio
1803 1623 2034 1684 domum
2060 1647 2166 1686 ex-

236 1697 554 1772 ‘surgimus
578 1716 592 1753 z
637 1695 861 1753 cessisti
883 1693 1054 1753 etiam
1082 1695 1288 1754 Galbae
1317 1700 1654 1775 imaginibus
1681 1723 1697 1758 t
1729 1708 1972 1779 torpere
1994 1707 2166 1780 ultra,

238 1786 257 1811 ‘
278 1784 344 1836 et
390 1774 762 1854 polluendam
796 1774 1270 1852 perdendamque
1318 1775 1760 1856 Rempublicam
1803 1785 2164 1862 relinquere,

240 1865 453 1933 ‘sopor
475 1863 537 1914 et
561 1852 784 1929 ignavia
815 1853 1137 1923 videretur,
1168 1857 1341 1914 etiam
1383 1859 1431 1916 si
1461 1859 1586 1929 tibi,
1630 1879 1800 1937 quam
1836 1864 2164 1939 inhonesta,
2196 1895 2209 1910 .

238 1943 385 1995 ‘tam
410 1941 531 1993 tuta
544 1933 797 1993 servitus
825 1939 1001 2014 esset.
1084 1934 1241 1993 Abiit
1249 1935 1373 2011 jam
1400 1944 1461 1995 et
1488 1946 1879 2001 transvectum
1902 1952 1991 2003 est
2017 1951 2165 2005 tem-

237 2024 405 2093 ‘pus,
456 2032 572 2093 quo
614 2031 819 2091 posses
844 2011 1034 2071 videri
1066 2016 1448 2093 concupisse:
1480 2019 1923 2096 confugiendum
1965 2034 2071 2086 est·
2096 2028 2171 2087 ad

240 2106 255 2133 ‘
279 2097 613 2172 Imperium.
645 2091 742 2174 (u)
825 2092 915 2151 An
934 2092 1151 2153 excidit
1169 2096 1483 2157 trucidatus
1513 2099 1818 2161 Corbulo?
1844 2101 1936 2183 (v)
1966 2108 2164 2182 splen-

233 2180 251 2212 ‘
269 2176 457 2236 didior
473 2174 719 2250 origine,
737 2192 908 2252 quam
927 2192 1033 2233 nos
1053 2192 1266 2245 sumus,
1286 2174 1475 2237 fateor
1496 2201 1508 2236 :
1541 2179 1644 2236 sed
1667 2188 1727 2239 et
1746 2181 1935 2253 Nero,
1957 2187 2139 2246 nobili
2163 2221 2170 2229 ·

236 2263 389 2321 ‘ute
436 2254 727 2324 natalium,
757 2253 1057 2313 Vitellium
1095 2256 1368 2314 anteibat.
1455 2258 1601 2317 Satis
1642 2261 1833 2321 clarus
1882 2273 1971 2324 est
2009 2267 2162 2343 apud

235 2345 250 2371 ‘
272 2337 591 2404 timentem,
611 2334 868 2410 quisquis
896 2333 1154 2391 timetur.
1239 2335 1321 2393 Et
1346 2355 1521 2412 posse
1539 2340 1608 2396 ab
1631 2344 1894 2401 exercitu
1933 2345 2160 2405 princi-

177 2415 182 2421 ’
235 2424 402 2494 ‘pem
424 2414 576 2482 fieri,
603 2412 712 2483 sibi
740 2415 867 2488 ipse
895 2411 1164 2471 Vitellius
1202 2413 1554 2476 documento
1578 2440 1592 2491 3
1637 2421 1807 2479 nullis
1833 2424 2157 2500 stipendiis,

231 2501 248 2532 ‘
267 2499 427 2555 nullo
456 2491 685 2551 militari
706 2489 882 2556 fama,
901 2491 1105 2549 Galbae
1130 2491 1264 2551 odio
1281 2505 1616 2571 provectus.
1701 2500 1832 2560 Nec
1861 2503 2158 2564 Othonem

201 2585 248 2613 2‘
268 2571 500 2654 quidem
527 2570 707 2629 Ducis
735 2576 882 2639 arte,
905 2578 1003 2629 aut
1022 2575 1314 2632 exercitus
1334 2574 1417 2645 vi,
1439 2578 1541 2635 sed
1565 2598 1952 2658 praepropera
1976 2584 2158 2661 ipsius

233 2662 249 2690 ⁴
269 2650 676 2728 desperatione
703 2650 942 2719 victum,
962 2652 1084 2727 jam
1123 2652 1571 2715 desiderabilem
1600 2666 1660 2718 et
1701 2678 1963 2736 magnum
1993 2664 2162 2722 Prin-

234 2743 249 2769 ‘
268 2734 464 2807 cipem
491 2729 647 2795 fecit.
734 2728 883 2786 Cum
927 2730 1158 2790 interim
1202 2736 1417 2809 spargit
1443 2737 1726 2811 legiones,
1768 2751 2030 2802 exarmat
2054 2762 2154 2802 co·

233 2821 248 2847 ‘
269 2812 491 2878 hortes‚
526 2826 679 2866 nova
707 2808 962 2885 quotidie
1001 2812 1161 2869 bello
1188 2814 1408 2872 semina
1431 2813 1537 2894 (w)
1582 2820 1898 2880 ministrat:
1938 2824 1988 2881 si
2016 2824 2157 2898 quid

227 2901 243 2928 ‘
263 2889 484 2950 ardoris
506 2907 572 2947 ac
590 2887 838 2951 ferociae
871 2889 1039 2949 miles
1060 2891 1280 2962 habuit,
1301 2895 1532 2972 popinis
1562 2905 1623 2956 et
1654 2900 2151 2962 comissationibus
2235 2950 2241 2957 ,

292 3125 314 3156 s
346 3107 466 3159 Jam
488 3116 724 3159 cecorum.
791 3109 951 3172 Many
965 3111 1029 3159 be
1134 3114 1647 3178 present-publicly.

293 3180 315 3222 t
345 3174 393 3222 A
418 3177 920 3241 contumelia—eligi.
989 3125 1156 3226 Τῖἱε
1180 3178 1376 3227 elected
1396 3179 1644 3245 Emperor
1665 3182 1795 3232 aster
1827 3180 2082 3245 Vitellius,
2113 3187 2174 3237 is'

164 3269 171 3275 -
225 3239 399 3287 rather
420 3255 451 3286 a
469 3241 694 3304 disgrace
710 3242 832 3289 than
854 3258 917 3291 an
937 3243 1150 3291 honour.
2156 3312 2159 3317 ἡ

288 3320 326 3353 u
357 3304 505 3354 Abiit
520 3308 633 3371 jam
647 3309 975 3369 --imperium
1058 3308 1286 3371 Mur-phy
1321 3312 1580 3361 translates
1611 3312 1712 3361 this
1739 3318 1972 3366 sentence
1994 3334 2008 3374 ς
2044 3317 2153 3368 But

225 3368 523 3418 ambitionis
536 3377 623 3418 not
642 3386 757 3418 now
772 3371 999 3434 imputed
1019 3378 1073 3422 to
1091 3389 1194 3436 you
1211 3374 1287 3424 sor
1300 3376 1389 3422 the
1404 3376 1510 3425 first
1520 3377 1659 3427 time.
1725 3379 1842 3428 You
1863 3383 1998 3432 have
2019 3383 2152 3432 been

222 3434 340 3498 long
355 3437 629 3496 suspected,
650 3437 747 3482 and
760 3437 967 3501 nothing
982 3439 1194 3487 remains
1215 3440 1311 3489 but
1330 3441 1563 3505 vigorous
1579 3446 1866 3509 enter-prise.

282 3515 313 3549 v
344 3498 575 3549 Corbulo
590 3516 694 3548 was
709 3504 805 3562 put
824 3507 877 3549 to
892 3502 1045 3551 death
1061 3505 1132 3565 by
1153 3505 1306 3555 Nero.
1398 3526 1416 3544 v

285 3580 331 3614 w
362 3564 505 3614 Nova
528 3568 647 3616 bello
668 3569 873 3615 semina.
942 3569 1085 3616 Thus
1107 3571 1172 3618 he
1193 3572 1314 3620 calls
1335 3571 1422 3619 the
1443 3572 1630 3637 legions
1652 3577 1748 3624 and
1757 3579 1952 3626 cohorts
1972 3574 2147 3625 which

219 3628 322 3676 had
356 3629 486 3679 been
508 3630 783 3680 disbanded
803 3632 873 3695 by
894 3632 1144 3693 Vitellius,
1181 3638 1279 3686 and
1293 3650 1448 3695 were,
1470 3653 1535 3688 on
1555 3638 1654 3690 tuis
1675 3649 1900 3701 account,
1922 3643 2145 3707 enraged

219 3695 412 3758 against
433 3695 556 3748 him.
