2459 4075
255 135 334 194 68
709 175 725 188 ι
856 130 929 189 C.
973 127 1214 188 CORN.
1265 128 1571 189 TACITI.
1777 151 1836 190 Δ.
1868 150 1928 190 u.
1959 150 2014 192 c.
2047 133 2185 191 822.

340 277 564 343 xxxi.
610 278 766 337 Sane
788 282 920 336 ante
948 276 1248 356 utriusque
1276 275 1517 347 exitum,
1547 295 1662 355 quo
1703 276 2013 354 egregiam*
2029 277 2189 343 Otho

256 360 482 431 famam,
528 359 796 417 Vitellius
824 347 1338 434 flagitiosissimam,
1381 375 1678 429 meruere,
1725 358 1914 416 minus
1954 358 2187 419 Vitellii

264 443 488 519 ignavae
537 441 883 517 voluptate8‚
913 456 1081 516 quam
1118 437 1366 496 Othonis
1413 436 1870 512 flagrantissimae
1922 438 2197 499 libidines

263 524 631 582 timebantur.
716 518 1031 576 Addiderat
1075 518 1212 578 huic
1239 525 1532 576 terrorem
1560 526 1655 595 atq
1657 538 1732 577 ue
1781 518 1971 577 odium
1996 519 2195 579 caedes

264 603 507 675 Galbae3
551 605 754 659 contra
775 598 860 656 1111
901 598 1122 657 initium
1151 598 1295 655 belli
1323 616 1495 657 nemo
1534 597 1593 657 in
1638 600 1850 658 u.tabat
1878 597 1977 679 (p)
1951 598 2195 677 )Vitel-

262 683 376 741 lius
403 687 613 740 ventre
661 685 722 737 et
766 679 898 754 gula
936 678 1046 736 sibi
1093 677 1222 753 ipse
1272 618 1696 750 hostis301liuo
1740 679 1900 748 luxu,
1945 679 2194 751 saevitia,

268 763 524 832 audacia,
594 759 963 836 Reipublicae
1032 756 1338 816 exitiosior
1405 757 1743 818 ducebatur.
1854 722 2197 836 &cnjunctis

267 842 525 902 Caecinae
547 859 613 898 ac
661 839 923 897 Valentis
970 837 1178 915 copiis,
1223 838 1382 896 nulla
1422 840 1572 897 ultra
1614 858 1799 917 penes
1847 838 2194 899 Vitellianos

264 942 447 997 mora,
475 920 613 998 quin
633 919 768 978 totis
805 919 1029 977 viribus
1057 924 1373 976 certarent.
1458 918 1615 976 Otho
1635 920 2007 991 consultavit,
2040 920 2192 982 trahi

267 1003 506 1070 bellum,
533 1021 604 1058 an
650 999 937 1058 fortunam
987 997 1250 1075 experiri
1297 998 1582 1075 placeret.
1668 1000 1824 1058 Tum
1880 1000 2192 1060 Suetonius

269 1081 588 1151 Paullinus,
609 1080 838 1156 dignum
861 1076 1008 1137 fama
1027 1097 1131 1137 sua
1152 1085 1332 1148 ratuS‚
1362 1098 1475 1155 qua
1500 1098 1672 1138 nemo
1701 1081 1801 1138 illa
1847 1087 2198 1157 tempestate

269 1162 531 1223 militaris
580 1161 667 1218 rei
710 1160 976 1218 callidior
1011 1159 1356 1229 habebatur,
1390 1159 1463 1217 de
1490 1166 1611 1217 toto
1637 1179 1857 1236 genere
1888 1157 2029 1219 belli
2055 1180 2198 1219 cen-

264 1248 425 1312 sere,
480 1240 952 1299 ‘festinationem
991 1239 1277 1308 hostibus,
1328 1257 1548 1298 moram
1602 1239 1743 1317 ipsis
1793 1241 2017 1299 utilem’
2079 1241 2194 1300 dis-

271 1323 476 1383 seruit.

353 1401 604 1459 XXXII.
647 1398 1034 1456 ‘Exercitum
1066 1396 1292 1455 Vitellii
1324 1398 1663 1458 universum
1692 1399 2035 1458 advenisse:
2082 1420 2193 1464 nec

262 1478 560 1541 “multum
591 1480 802 1537 virium
843 1498 878 1535 a
901 1484 1090 1553 terge,
1122 1477 1392 1554 quoniam
1440 1479 1648 1538 Galliae
1680 1484 1958 1549 tumeant,
2012 1478 2106 1559 (q)
2138 1489 2200 1540 et

274 1569 293 1597 ‘
315 1562 599 1619 deserere
638 1557 830 1617 Rheni
867 1557 1077 1632 ripam,
1111 1556 1432 1634 inrupturis
1460 1567 1577 1618 tam
1603 1559 1825 1618 infestis
1852 1524 2199 1632 nationibus,

247 1649 291 1694 ,⁴
314 1660 430 1701 ιιοιι
451 1638 774 1697 conducat:
820 1636 1223 1696 Britannicum
1230 1638 1471 1697 militem
1496 1640 1664 1699 hoste
1707 1646 1768 1697 et
1787 1640 1929 1697 mari
1957 1640 2195 1705 distine-

273 1729 291 1757 ‘
323 1721 406 1780 ri:
453 1718 762 1796 Hispanias
791 1718 965 1775 armis
993 1737 1107 1776 non
1140 1717 1218 1777 ita
1252 1718 1616 1780 redundare:
1661 1720 2020 1796 provinciam
2048 1720 2199 1779 Nar-

273 1808 292 1836 ‘
313 1801 634 1859 bonensem
656 1799 893 1857 incursu
921 1797 1118 1856 classis
1142 1797 1201 1855 et
1228 1798 1476 1857 adverso
1497 1800 1708 1877 proello
1736 1801 2192 1860 contremuisse:

189 1927 198 1935 .
275 1887 294 1916 ‘
324 1881 577 1939 clausam
603 1879 867 1956 Alpibus,
897 1887 958 1937 et
1003 1879 1162 1936 nullo
1186 1880 1358 1937 maris
1398 1880 1677 1950 subsidio,
1726 1879 2202 1957 Transpadanam

275 1967 293 1996 ‘
325 1960 537 2019 ltaliam
566 1966 734 2036 atque
762 1958 891 2036 ipso
912 1959 1152 2016 transitu
1182 1959 1479 2018 exercitus
1502 1967 1715 2019 vastam
1742 1982 1755 2018 :
1800 1979 1915 2018 non
1943 1960 2200 2020 smmen-

239 2081 248 2091 .
277 2048 292 2075 ‘
318 2049 440 2102 tum
469 2044 709 2118 usquein
737 2040 1021 2098 exercitui
1071 2058 1181 2098 nec
1211 2040 1538 2100 exercitum
1566 2042 1690 2100 sin'e
1720 2041 1905 2117 copiis
1955 2042 2201 2101 retineri

275 2130 294 2157 ⁸
318 2142 512 2200 posse.
595 2121 726 2178 Jam
766 2120 1114 2190 Germanos,
1138 2121 1294 2196 qubd
1339 2139 1518 2197 genus
1545 2122 1789 2180 militum
1810 2122 1961 2197 apud
2000 2123 2200 2182 hostes

265 2209 293 2239 ·‘
318 2202 736 2261 atrocissimum
754 2201 848 2271 sit,
868 2207 1053 2258 tracto
1076 2200 1135 2257 in
1156 2208 1412 2260 aestatem
1440 2202 1625 2277 bellos
1642 2201 1809 2260 fluxis
1831 2203 2201 2279 corporibus,

278 2288 294 2317 ‘
320 2283 687 2342 mutationem
710 2281 818 2340 soli
851 2280 1102 2357 caelique
1148 2279 1299 2338 haud
1344 2282 1714 2340 toleraturos.
1797 2281 1981 2341 Multa
2017 2283 2200 2354 bella,

279 2363 529 2440 ‘inpetu
556 2361 770 2429 valida}
786 2378 901 2435 per
925 2359 1096 2416 taedia
1117 2366 1177 2417 et
1195 2379 1387 2418 moras
1410 2361 1735 2420 evanuisse.
1819 2361 2074 2420 Contra
2059 2362 2201 2440 ipsis

278 2449 295 2477 ‘
326 2444 516 2501 omnia
562 2441 837 2516 opulenta
876 2446 938 2495 et
989 2437 1142 2501 fida*-
1200 2438 1572 2511 Pannoniam,
1627 2440 1916 2512 Moesiam‚
1967 2441 2198 2505 Dalma-

278 2528 295 2556 ‘
325 2522 482 2586 tiam
505 2519 598 2600 (r)
618 2519 948 2588 Orientem,
999 2536 1136 2578 cum
1173 2518 1412 2596 integris
1442 2521 1836 2580 exercitibus·
1821 2566 1836 2594 ,
1882 2486 2103 2581 I’taliam
2141 2532 2206 2583 et

278 2608 296 2636 ‘
325 2609 498 2677 caput
525 2616 723 2657 rerum
751 2598 995 2663 urbem.
1042 2598 1435 2677 Senatumque
1465 2609 1525 2660 et
1571 2600 1861 2678 Populum
1902 2622 2194 2679 nunquam

279 2682 569 2738 ‘obscura
607 2677 857 2735 nomina.
906 2678 1012 2735 etsi
1063 2678 1368 2755 aliquando
1416 2682 1874 2753 obumbrentur3
1936 2683 2203 2759 publicas

234 2825 239 2830 ‚
280 2759 699 2836 ‘privatasque
729 2775 872 2853 opes
894 2764 954 2815 et
975 2757 1290 2817 inmensam
1318 2762 1645 2837 pecuniam,
1678 2761 1833 2820 inter
1858 2762 2066 2822 civiles
2084 2762 2201 2821 dis·

283 2838 564 2898 ‘cordias
616 2830 808 2894 ferro‘
830 2836 1214 2916 validiorem3
1279 2844 1547 2917 corpora
1563 2842 1807 2901 militum
1855 2849 1954 2900 aut
2020 2843 2203 2901 Italiae

280 2926 300 2954 ‘
323 2925 507 3009 sueta,
529 2925 626 2976 aut
653 2916 936 2976 aestibus.
959 2883 1257 2992 objacere
1306 2918 1522 2979 flumen
1577 2921 1816 2991 Padum,
1865 2929 2016 2981 tutas
2057 2922 2205 2981 viris·

282 3006 300 3034 ‘
329 2997 628 3076 murisque
676 2997 891 3069 urbes3
937 3016 970 3054 e
1021 2996 1227 3077 quibus
1258 3001 1473 3058 nullam
1515 3001 1666 3062 hosti
1709 3020 2026 3070 cessuram,
2068 3002 2203 3060 Pla-

283 3079 539 3138 ‘centiae
566 3074 903 3137 defensione
928 3078 1310 3154 exploratum.
1398 3079 1650 3140 Proinde
1672 3081 1920 3141 duceret
1937 3046 2201 3141 bellum.

284 3158 527 3236 ‘paucis
573 3158 778 3218 diebus
818 3157 1364 3236 quartamdecimam
1413 3161 1725 3236 legionem,
1773 3180 1976 3238 magna
2019 3162 2214 3239 ipsam

340 3335 380 3384 p
414 3315 647 3365 Vitellius
679 3332 785 3366 was
816 3317 875 3365 of
902 3333 955 3364 so
976 3316 1198 3383 sluggish
1225 3335 1262 3367 a
1282 3318 1585 3382 disposition,
1605 3320 1718 3381 that
1736 3320 1802 3368 he
1823 3321 2022 3369 seemed
2052 3326 2106 3371 to
2127 3325 2209 3369 act

282 3384 444 3451 under
474 3383 562 3430 the
582 3381 827 3431 direction
848 3382 904 3432 os
916 3383 1098 3442 others,
1118 3389 1206 3432 not
1224 3384 1354 3435 from
1376 3387 1460 3434 the
1493 3386 1707 3448 impulse
1728 3386 1786 3434 of
1812 3385 1891 3434 his
1912 3400 2028 3435 own
2048 3386 2203 3436 mind.

348 3466 380 3513 q
402 3440 679 3497 Tamne.
713 3450 815 3497 Are
842 3449 1001 3522 ready
1020 3453 1074 3498 to
1101 3464 1386 3499 commenee
1406 3451 1682 3500 hostilities.

345 3530 378 3564 ι·
409 3511 675 3569 Pannonia,
694 3528 761 3560 an
774 3512 1029 3562 extensive
1049 3522 1263 3578 country
1284 3514 1342 3565 os
1366 3517 1572 3579 Europe
1589 3518 1827 3569 bounded
1845 3517 1918 3580 by
1937 3516 1997 3565 M
1998 3531 2120 3566 aesia
2136 3532 2205 3566 αι

280 3578 376 3629 the
392 3583 514 3635 east,
532 3576 605 3640 by
626 3577 865 3625 Noricum
881 3594 945 3626 on
965 3578 1051 3626 the
1079 3586 1221 3638 west,
1242 3581 1519 3641 Dalmatia,
1539 3597 1603 3630 on
1623 3583 1711 3630 the
1728 3584 1893 3640 south,
1882 3532 2005 3631 yancl
2026 3583 2098 3645 by
2111 3583 2202 3632 the

284 3643 504 3699 Danube
525 3646 578 3693 to
592 3641 681 3692 the
700 3644 863 3703 north,
883 3643 1168 3710 containing
1181 3652 1298 3708 part
1312 3647 1370 3696 of
1393 3646 1598 3697 Austris
1617 3648 1715 3697 and
1737 3647 2002 3713 Hungary.

1928 3778 1971 3800 ρ
