2459 4075
284 179 395 249 180
530 127 567 166 ³
870 175 944 234 c.
992 171 1596 238 coRN.'1¹Ac1T1.
1785 137 2190 232 ...nassa

272 325 644 396 continuare3
690 320 893 382 obvios
922 330 984 383 et
1003 322 1209 382 subitae
1240 323 1329 382 rei
1357 322 1635 382 miraculo
1667 319 1979 389 adtonitos,
2012 321 2074 375 nt
2093 331 2191 374 ea·

270 402 405 461 dem
424 405 852 481 adstreperent,
881 402 1136 462 hortari:
1184 405 1388 479 vulgus
1426 401 1751 471 credulum,
1793 395 2073 458 ruere-in
2101 393 2187 486 fo·

270 498 433 543 rum:
482 492 498 519 ‘
529 484 899 561 praesentiam
935 482 1180 543 Pisonis’
1228 500 1578 562 exposcere.
1661 479 1885 539 Gaudio
1927 479 2192 565 clamori-

270 563 492 642 busque
518 570 728 622 cuncta
760 563 1101 633 miscebant,
1129 562 1490 639 indiligentia
1522 561 1654 621 veri
1680 568 1743 618 et
1769 557 2030 621 adulandi
2045 555 2187 645 ‘hb-i·

269 642 425 709 dine.
512 643 669 713 Piso,
707 643 924 702 indicio
967 643 1219 719 Sagittae,
1275 642 1373 702 vel
1422 642 1591 701 insita
1630 638 1932 708 modestia,
1972 654 2089 725 non
2127 654 2193 725 ‚¹¹¹

270 723 566 800 publicum
614 742 883 800 egressus
925 730 1036 792 est,
1084 741 1279 799 neque
1332 742 1399 782 se
1444 722 1646 784 studiis
1698 719 1856 795 vulgi
1903 721 2189 805 pei-nunt.

272 800 809 880 Genturionemque
854 809 1283 879 percunctatae,
1332 808 1656 880 postquam,
1697 808 1713 835 ‘
1745 799 2047 877 quaesitu'm
2075 795 2192 887 ⁹sibi

273 891 293 916 '
319 886 542 942 crimen
570 881 958 959 caedemque?
987 883 1298 960 comperit,
1330 881 1754 941 ‘animadverti
1801 882 1859 938 in
1887 877 2042 940 eum’
2063 894 2188 952 Jus-

271 964 366 1032 sit,
382 962 549 1021 ‚haud
578 962 825 1040 perinde
852 979 960 1039 spe
987 962 1148 1032 vitae‚
1172 982 1342 1039 quam
1379 962 1468 1023 ira
1493 962 1552 1020 in
1580 975 2013 1038 percussorem,
2042 953 2197 1032 qnod

270 1042 428 1100 idem
468 1060 545 1100 ex
569 1040 1046 1102 interfectoribus
1092 1039 1288 1101 Clodii
1313 1042 1522 1112 Macri,
1554 1041 1648 1122 (z)
1678 1043 1950 1098 cruentas
1998 1035 2195 1126 Legati

268 1121 542 1197 sanguine
570 1139 766 1181 manus
794 1122 866 1180 ad
905 1123 1129 1183 casdem
1177 1122 1551 1182 Proconsulis
1597 1117 1913 1180 retulisset.
1999 1118 2194 1207 Alnxw

269 1201 482 1261 deinde
502 1202 695 1262 edicto
720 1202 1294 1279 Carthaginiensibus
1319 1200 1642 1280 increpitis,
1671 1219 1746 1259 ne
1774 1200 1943 1260 solita
1968 1196 2198 1286 quidem

271 1283 464 1342 munia
484 1284 820 1361 usurpabat,
855 1284 1085 1344 clausus
1130 1284 1283 1343 intra
1312 1283 1570 1355 domum,
1596 1299 1671 1344 ne
1700 1299 1813 1358 qua
1845 1287 2034 1339 motus
2061 1294 2195 1334 novi

273 1382 475 1422 caussa
492 1365 592 1423 vel
614 1362 766 1422 sorte
789 1364 1063 1422 oriretur.

352 1442 422 1501 1..
467 1443 606 1512 Sed,
634 1443 736 1502 ubi
762 1441 942 1502 Festo
956 1445 1348 1504 consternatio
1369 1445 1551 1521 vulgi,
1576 1438 1950 1501 Centurionis
1975 1439 2195 1516 suppli·

273 1522 451 1591 cium,
502 1541 761 1601 veraque
809 1530 871 1583 et
916 1521 1081 1593 falsa,
1110 1542 1276 1582 more
1304 1523 1512 1596 samae„
1537 1524 1597 1582 in
1638 1523 1822 1600 majus
1864 1523 2193 1593 innotuere,

274 1601 504 1680 equites
530 1599 589 1659 in
617 1619 829 1662 necem
852 1601 1082 1662 Pisonis
1108 1604 1297 1662 mittit.
1385 1605 1477 1663 llli
1506 1604 1716 1681 raptim
1740 1602 1920 1672 vecti,
1948 1597 2199 1662 obscuro

274 1681 461 1738 adhuc
484 1689 697 1759 coeptae
719 1682 891 1753 lucis,
913 1683 1147 1741 domum
1173 1682 1545 1744 Proconsulis
1572 1683 1931 1760 inrumpunt,
1957 1681 2201 1742 destric-

272 1760 346 1820 tis
366 1759 604 1836 gladiis:
651 1768 711 1821 et
736 1782 938 1841 magna
961 1781 1099 1840 pars
1141 1763 1367 1824 Pisonis
1394 1765 1598 1842 ignari,
1627 1762 1782 1843 quod
1810 1761 2022 1826 Poenos
2063 1780 2199 1820 aux·

273 1840 473 1899 ilinres
520 1841 875 1929 Maurosque
916 1845 975 1904 in
1026 1846 1409 1923 eamlcaedem
1434 1843 1772 1913 delegeram
1807 1843 2203 1926 hfl¹¹d‚P¹'⁰‘²¹¹¹

273 1913 567 1986 cubiculo,
626 1917 1081 1978 obvimssone'
1102 1935 1362 1989 servum,
1415 1925 1434 1953 ‘
1485 1918 1745 1996 quisnam
1792 1924 1854 1976 et
1893 1918 1988 1975 ubi
2042 1925 2200 1977 esset

275 2006 292 2032 ⁴
324 1996 460 2056 Piso
481 1996 525 2057 ‘2’
569 1996 1032 2074 interrogavere.
1138 1998 1355 2060 Servus
1406 1998 1647 2076 egregio
1687 1997 2015 2069 mendacin,
2060 2006 2076 2032 ⁶
2131 2016 2198 2059 se

276 2087 293 2113 ⁴
325 2078 598 2138 Pisonem
650 2079 829 2150 esse?
869 2077 1211 2155 respondit:
1278 2098 1346 2138 ac
1381 2079 1586 2141 statim·
1617 2080 2041 2139 obtruncatur:
2087 2098 2198 2140 nec

273 2159 455 2218 multo
483 2167 619 2238 post
638 2159 773 2220 Piso
793 2157 1162 2221 interficitur.
1246 2158 1512 2238 Namque
1536 2160 1757 2230 aderat,
1785 2160 1883 2236 qui
1903 2167 2197 2232 nosceret,

275 2239 491 2299 Bebius
519 2239 731 2311 Massa,
760 2240 871 2319 (a)
892 2260 927 2300 e
969 2239 1455 2299 Procuratoribus
1481 2238 1719 2309 Africae,
1736 2239 1865 2316 jam
1888 2246 2027 2298 tunc
2052 2239 2202 2317 opti·

274 2337 369 2377 mo
410 2320 625 2397 cuique
654 2321 956 2389 exitiosus,
985 2327 1047 2378 et
1072 2320 1132 2377 in
1158 2336 1386 2378 caussas
1408 2320 1713 2390 malorum,
1736 2339 1865 2396 quoe
1901 2337 2038 2379 mox
2065 2322 2198 2380 tuli-

273 2418 418 2470 mus,
463 2400 676 2477 saepius
706 2400 1018 2459 rediturus.
1104 2398 1311 2458 Festus
1338 2400 1677 2470 Adrumeto,
1730 2397 1820 2480 (b)
1851 2399 1947 2458 ubi
1987 2418 2198 2476 specu·

272 2478 556 2539 labuudus
582 2481 935 2548 substiterat,
979 2477 1051 2534 ad
1098 2478 1388 2553 legionem
1416 2480 1731 2543 contendit.
1816 2478 2196 2539 Praefectum·

275 2579 387 2637 que
416 2566 764 2629 castrorum,
787 2555 1130 2617 Cetronium
1158 2557 1451 2631 Pisanum,
1479 2561 1692 2619 vinciri
1704 2559 2199 2638 ‚iussin-proprias

275 2640 349 2696 ob
376 2638 696 2697 simultates
720 2660 733 2696 z
779 2637 882 2696 sed
913 2645 927 2671 ‘
955 2636 1179 2696 Pisonis
1206 2640 1538 2699 satellitem’
1567 2642 1830 2711 vocabat,
1858 2640 2195 2718 militesque

272 2724 334 2776 et
354 2717 745 2776 Centuriones
767 2717 1041 2794 quosdam
1064 2718 1269 2794 puniit,
1291 2721 1434 2779 alios
1463 2719 1724 2798 praemiis
1751 2719 1966 2778 adfecit
1992 2743 2007 2779 ε
2051 2740 2193 2779 neu-

275 2802 425 2853 trum
475 2813 551 2853 ex
599 2798 845 2866 merito,
879 2797 984 2855 sed
1035 2803 1097 2855 ut
1144 2802 1511 2875 oppressisse
1561 2801 1781 2861 bellum
1827 2799 2196 2864 crederetur.

273 2873 414 2934 Mox
443 2874 768 2947 OEensium,
816 2877 1370 2957 Leptitanorumque
1398 2879 1499 2960 (c)
1528 2879 1844 2939 discordias
1872 2881 2192 2957 componit,

274 2975 428 3033 quae,
483 2963 651 3033 raptu
699 2956 926 3034 frugum
973 2965 1034 3017 et
1081 2974 1363 3035 pecorum
1416 2962 1571 3018 inter
1622 2965 1902 3035 agrestes,
1954 2954 2198 3019 modici}

272 3034 598 3114 principiis,
626 3037 749 3115 jam
779 3057 891 3116 per
916 3057 1072 3097 arma
1100 3044 1272 3115 atque
1311 3039 1478 3100 acies·
1515 3040 1963 3099 exercebantur.
2044 3040 2212 3119 Nam,

275 3119 526 3192 populus
554 3117 815 3189 OEensis,
855 3118 1217 3179 multitudine
1245 3118 1509 3190 inferior,
1558 3119 1927 3178 Garamantas
1960 3120 2202 3180 excive-

273 3202 379 3266 rat,
407 3206 637 3272 gentem
664 3199 996 3258 indomitam
1024 3205 1084 3258 et
1104 3199 1264 3258 inter-
1285 3199 1513 3260 adcolas
1532 3198 1848 3259 latrociniis
1868 3196 2197 3259 fecundam.

339 3373 367 3402 z
404 3352 572 3403 Clodii
591 3355 773 3406 Macri.
843 3357 937 3405 See
955 3356 1087 3407 Hist.
1112 3356 1146 3408 i.
1170 3358 1220 3406 7.

337 3437 370 3468 a
393 3419 493 3468 For
510 3432 649 3465 more
670 3421 727 3468 os
741 3421 931 3469 Bebius
952 3421 1132 3480 Massa,
1164 3439 1248 3470 see
1268 3423 1383 3472 Life
1399 3424 1458 3472 os
1470 3423 1638 3487 Agric.
1655 3440 1693 3474 8.
1714 3427 1797 3474 45.

342 3487 370 3532 b
404 3484 747 3542 Adrumelum‚
774 3499 805 3529 a
827 3484 1119 3534 Phoenician
1138 3488 1317 3549 colony
1333 3489 1383 3537 in
1406 3488 1591 3538 Africa.

337 3565 364 3597 c
397 3546 620 3603 OEemes,
660 3562 692 3592 a
711 3549 891 3607 people
912 3549 970 3595 os
1003 3551 1190 3609 Africa,
1210 3554 1329 3601 who
1349 3553 1592 3615 occupied
1611 3556 1697 3602 the
1725 3561 1939 3619 country
1958 3556 2202 3604 between

268 3613 357 3662 the
379 3618 481 3661 two
505 3612 676 3673 Syrtes
698 3611 796 3659 and
813 3611 899 3658 the
922 3610 1344 3669 Mediterraneum.
1415 3618 1577 3671 Their
1590 3619 1733 3669 chief
1742 3627 1881 3670 town
1902 3637 2006 3671 was
2028 3621 2202 3676 called

272 3678 390 3741 Oea,
413 3691 530 3727 now
553 3674 766 3739 Tripoli.
832 3675 1021 3739 Leptis,
1041 3690 1159 3730 now
1173 3681 1388 3746 Lebeda,
1413 3698 1517 3734 was
1532 3700 1654 3734 near
1673 3686 1796 3738 Oea.
