2459 4075
272 151 347 207 76
871 128 1592 207 o.coRN.’rA01Tt.
1664 108 1673 120 '
1781 159 1839 199 A.
1869 150 1929 198 υ.
1961 160 2016 199 c.
2048 113 2213 208 ⁸22:

261 299 355 356 ter
379 290 722 367 adpellatos,
752 286 938 352 ‘irent
963 308 1249 370 propere,
1265 308 1379 354 neu
1399 284 1751 350 remanendo
1775 284 1922 345 iram
1948 286 2191 356 victoris

263 376 278 403 ‘
304 369 690 448 asperarent,’
702 370 957 447 juvenes
985 369 1345 439 auctoritate,
1368 385 1541 433 senes
1566 365 1842 443 precibus
1870 369 2181 431 movebat02

253 448 518 531 placidus
546 468 674 519 ore,
712 450 1038 530 intrepidus
1080 449 1302 520 verbis,
1350 445 1788 526 intempestivas
1832 463 2067 508 suorum
2094 448 2182 509 la·

250 530 465 590 crimas
483 548 788 588 coercens,
877 539 893 565 ‘
927 531 1072 590 Dari
1088 547 1270 590 naves
1296 546 1364 588 ac
1393 526 1685 590 vehicula'
1728 526 2184 604 abeuntibusju-

247 605 390 670 bet:
436 609 669 672 libellos
710 609 1125 688 epistolasque,
1153 607 1345 668 studio
1366 626 1506 683 erga
1543 626 1609 666 se
1654 612 1748 668 aut
1772 605 1834 664 in
1875 605 2183 687 Vitellium

251 688 618 769 contumeliis
662 690 938 767 insignes,
995 690 1226 750 abolet:
1292 687 1568 765 pecunias
1610 685 1923 754 distribuit,
1973 706 2177 762 parce,

219 779 228 788 “
252 767 363 829 nhc
383 774 455 839 *ut
476 769 792 844 periturae.
877 768 1022 828 Mox
1049 768 1305 834 Salvium
1326 766 1739 834 Cocceianum,
1761 764 1955 824 fratris
1976 766 2180 838 filium,

253 848 439 926 prima
473 848 741 923 juventa,
786 849 1078 926 trepidum
1122 857 1183 909 et
1230 853 1594 917 maerentem,
1642 845 1797 906 ultro
1829 846 2041 907 solatus
2069 854 2179 918 est,

251 927 554 997 laudando,
603 936 618 963 ‘
650 928 948 1006 pietatem’
1019 927 1170 1005 ejus,
1218 925 1544 1002 castigando
1593 932 1608 959 ‘
1640 923 2048 986 formidinem:
2110 946 2181 986 an

193 1071 208 1080 ἱ
253 1014 280 1060 ⁶.
296 1005 599 1068 Vitellium
626 1015 741 1067 tam
767 1003 983 1068 inmitis
1005 1008 1177 1070 animi
1203 1005 1356 1076 sore,
1387 1011 1472 1075 ut,
1499 1023 1610 1082 pro
1637 1004 1914 1063 incolumi
1941 1012 2063 1067 tota
2077 1006 2178 1066 do-

254 1093 269 1120 ‘
299 1105 417 1156 mo,
443 1083 526 1145 ne
562 1088 711 1148 hanc
761 1087 997 1168 quidem
1036 1088 1149 1147 sibi
1194 1086 1438 1164 gratiam
1484 1083 1806 1144 redderet?
1846 1086 2066 1146 mereri
2107 1103 2176 1144 se

252 1172 267 1199 ‘
299 1164 566 1226 festinato
617 1167 775 1228 exitu
828 1167 1196 1230 clementiam
1251 1164 1511 1226 victoris.
1596 1162 1732 1222 Non
1777 1163 1933 1230 enim
1978 1165 2177 1228 ultima

252 1250 270 1280 ‘
295 1245 727 1323 desperatione,
774 1245 880 1306 sed
926 1241 1206 1325 poscente
1235 1247 1508 1323 proelium
1553 1242 1835 1313 exercitu,
1880 1245 2175 1304 remisisse

253 1331 267 1358 ‘
296 1324 668 1404 *Reipublicae
714 1327 1086 1387 novissimum
1112 1344 1328 1386 casum.
1414 1323 1562 1384 Satis
1609 1322 1717 1388 sibi
1745 1322 2008 1393 nominis,
2036 1322 2175 1384 satis
2200 1361 2214 1368 ‚

250 1411 268 1437 ‘
297 1406 549 1482 posteris
576 1403 695 1465 suis
741 1405 1393 1483 nobilitatisxquaesitum
1414 1423 1437 1462 ι·
1474 1409 1607 1479 post
1628 1402 1838 1473 Julius,
1872 1401 2174 1473 ClaudioS,

249 1488 269 1516 ‘
298 1483 558 1556 Servioe,
579 1482 682 1564 (g)
708 1504 777 1546 se
805 1483 1058 1562 primum
1082 1485 1142 1543 in
1169 1483 1443 1542 familiam
1489 1475 2045 1561 novam'lmperium
2087 1482 2172 1545 in·

247 1568 267 1595 ‘
298 1563 497 1621 tulisse
525 1586 539 1621 ε
585 1563 832 1641 proinde
861 1571 1064 1624 erecto
1107 1564 1297 1623 animo
1326 1568 1668 1639 capesseret
1686 1562 1882 1632 vitam,
1902 1567 2049 1634 neu,
2071 1582 2170 1640 pa-

250 1650 264 1674 ‘
294 1650 488 1704 truum
513 1643 624 1702 sibi
645 1642 941 1702 Othonem
961 1642 1159 1715 fuisse,
1182 1651 1280 1703 aut
1298 1641 1750 1704 oblivisceretur
1787 1661 2051 1719 unquam,
2073 1649 2174 1701 aut

250 1726 265 1754 ⁶
294 1722 526 1781 nimiam
552 1722 972 1782 meminisset-³¹
1956 1781 1963 1785 ,

328 1800 541 1860 XLIX.
588 1802 727 1860 Post
768 1822 921 1880 quae‚
949 1803 1178 1863 dimotis
1210 1803 1498 1874 omnibus,
1539 1802 1799 1880 paullum
1826 1801 2117 1880 requievit
2149 1823 2171 1859 z
2216 1874 2220 1877 Α

246 1888 419 1957 atque
447 1880 631 1952 illum,
652 1901 953 1959 supremas
971 1879 1100 1959 jam·
1122 1901 1292 1943 curas
1321 1883 1507 1944 animo
1548 1884 1924 1959 volutantem,
1954 1900 2172 1958 repens

244 1959 517 2020 tumultus
567 1962 800 2032 avertit,
842 1962 1097 2024 nuntiata
1121 1963 1586 2024 consternatione
1633 1982 1698 2022 ac
1738 1963 1975 2022 licentia
2019 1960 2168 2026 mili-

245 2049 401 2099 tum:
448 2060 694 2120 namque
723 2043 1062 2105 abeuntibus
1110 2044 1352 2103 exitium
1391 2042 1835 2116 minitabantur3
1879 2041 2165 2105 atrocissi-

243 2138 336 2179 ma
360 2120 421 2179 in
463 2118 802 2199 Verginium
832 2122 927 2204 (Ιι)
948 2125 1030 2193 vi,
1079 2143 1278 2203 quem,
1310 2123 1520 2200 'clausa
1544 2122 1738 2193 domo,
1780 2121 2161 2187 obsidebant:

237 2200 540 2277 increpitis
580 2200 877 2262 seditionis
921 2198 1271 2275 auctoribus,
1303 2221 1624 2278 regressus,
1652 2201 1880 2262 vacavit
1904 2201 2169 2265 abeunti·-

240 2298 335 2339 um
363 2279 885 2358 adloquiis‚.donec
934 2302 1135 2342 omnes
1179 2282 1438 2342 inviolati
1468 2281 1930 2357 digrederentur.
2015 2279 2164 2343 Ves-

240 2367 587 2436 perascente
609 2363 727 2430 die,
757 2360 909 2419 sitim
936 2362 1142 2419 haustu
1168 2361 1379 2435 gelidae
1401 2380 1566 2438 aquae
1613 2361 1874 2436 sedavit:
1918 2366 2049 2419 tum¹
2066 2360 2161 2421 ad-

237 2439 363 2496 latis
390 2440 737 2515 pugionibus
766 2434 1013 2506 duobus,
1036 2459 1164 2498 cum
1208 2447 1517 2518 utrumque
1563 2447 1972 2518 pertentasset,
2016 2440 2169 2499 alte*-

242 2534 371 2576 rum
418 2518 592 2593 capiti
624 2517 907 2575 subdidit:
949 2524 1010 2591 et
1055 2520 1383 2596 explorate,
1420 2519 1543 2596 jam
1571 2519 1869 2597 profectos
1922 2517 2160 2590 amicos,

235 2604 468 2655 noctem
524 2596 795 2671 quietam,
849 2603 1027 2674 utque
1074 2598 1450 2667 adfirmatur,
1491 2618 1608 2659 non
1654 2598 1973 2659 insomnem
2020 2597 2158 2677 egit.

240 2674 402 2734 Luce
431 2674 639 2750 prima,
661 2676 720 2734 in
748 2674 969 2734 ferrum
990 2683 1236 2752 pectore
1259 2677 1554 2737 incubuit:
1602 2678 1670 2736 ad
1689 2677 1962 2754 gemitum
1983 2677 2159 2741 mori-

241 2753 389 2813 entis
427 2753 671 2830 ingressi
709 2755 908 2814 liberti
929 2752 1210 2834 servique
1249 2763 1309 2815 et
1331 2753 1553 2816 Plotius
1602 2758 1858 2828 Firmus,
1883 2756 2162 2815 -Praetorii

241 2829 586 2904 Praefectus,
614 2854 790 2892 unum
827 2836 1034 2893 vulnus
1060 2834 1366 2894 invenere.
1450 2836 1647 2895 Funus
1675 2842 2019 2899 maturatum
2041 2856 2156 2895 am·

237 2911 462 2997 bitiosis
497 2912 568 2977 <id
593 2915 870 2994 precibus
913 2915 1187 2993 petierat,
1237 2922 1257 2950 ‘
1285 2935 1360 2974 ne
1396 2908 1796 2992 'amputaretur
1840 2922 2033 2994 caput,
2074 2914 2157 2995 (i)

301 3088 341 3138 g
373 3076 645 3137 Augustus,
667 3072 904 3125 Tiberius
920 3074 1018 3123 and
1037 3070 1294 3138 Caligula,
1307 3088 1446 3124 were
1462 3074 1520 3124 os
1530 3075 1617 3124 the
1639 3073 1813 3124 Julian
1830 3071 1963 3135 line3
1997 3071 2158 3134 Clau-

235 3136 347 3188 dius
369 3138 466 3186 and
484 3138 618 3187 Nero
642 3139 737 3203 (by
750 3140 1009 3203 adoption)
1027 3155 1165 3188 were
1185 3141 1244 3188 of
1266 3141 1358 3189 the
1369 3140 1647 3198 Claudiam
1683 3139 1853 3188 Galba
1867 3153 1972 3186 was
1994 3139 2054 3188 os
2063 3140 2151 3188 the

232 3205 388 3265 house
405 3203 707 3262 osServius3
743 3206 877 3257 Otho
898 3207 956 3255 os
978 3207 1065 3254 the
1084 3206 1287 3255 Salvian
1309 3205 1498 3269 family.
1998 3214 2003 3217 ’
2130 3230 2139 3235 ·

299 3270 334 3318 h
368 3268 492 3317 This
513 3283 615 3318 was
639 3270 903 3334 Verginius
925 3270 1108 3329 Rufus,
1121 3273 1241 3322 who
1260 3270 1542 3333 conquered
1563 3270 1779 3329 Vindex,
1798 3269 1851 3318 in
1872 3269 2030 3327 Gaul,
2051 3267 2149 3319 and
2234 3276 2241 3281 ”

232 3334 435 3447 ξαᾱᾶιὴε
456 3334 762 3383 moderatiori
794 3342 846 3386 to
877 3336 1070 3385 decline
1100 3337 1189 3386 the
1210 3337 1439 3401 imperial
1453 3336 1645 3400 dignity
1665 3338 1816 3386 when
1836 3334 2021 3385 offered
2041 3334 2154 3386 him

383 3401 479 3446 ele
516 3399 633 3448 'ons.

269 3415 320 3514 yi
351 3464 400 3512 N
402 3413 577 3521 eroffin
596 3464 675 3511 his
688 3465 785 3514 last
802 3465 1017 3522 disti-ess,
1032 3466 1221 3531 fearing
1241 3468 1352 3516 that
1365 3467 1442 3515 his
1457 3466 1590 3515 head
1604 3466 1776 3515 would
1796 3467 1863 3514 be
1885 3464 2147 3514 exhibited

229 3542 283 3576 as
304 3545 335 3577 a
355 3527 529 3591 public
548 3530 807 3591 spectaele,
836 3546 965 3595 gave
998 3531 1262 3580 directions
1293 3533 1368 3581 sor
1386 3532 1464 3580 his
1504 3528 1714 3581 funeral.
1782 3531 1921 3580 Otho
1949 3529 2037 3578 did
2056 3531 2143 3577 the

229 3608 395 3669 same:
428 3594 621 3660 though
641 3593 831 3662 tainted
861 3594 987 3644 with
1024 3596 1198 3646 Nero's
1235 3597 1385 3656 vices,
1414 3598 1479 3646 he
1519 3596 1684 3646 closed
1720 3595 1807 3645 the
1828 3609 1975 3647 scene
2014 3592 2143 3644 with

231 3658 439 3727 dagnity.
