2459 4075
312 203 365 242 s.
396 200 452 240 c·
484 184 583 242 70.
788 175 1116 238 Hls'roR.
1161 178 1315 238 LIB.
1360 177 1764 252 QUARTUS.
1945 242 1950 247 ,
2120 186 2224 243 181

313 325 484 385 Unde
511 311 687 385 arctoe
718 325 1037 402 Leptitanis
1065 343 1185 396 res,
1212 325 1450 405 lateque
1469 327 1704 385 vastatis
1723 327 1875 403 agris
1915 326 2066 387 intra
2085 347 2229 390 moe·

311 408 407 466 nia
431 405 830 483 trepidabant:
875 406 1086 478 donec,
1133 405 1469 466 interventu
1516 408 1844 466 cohortium
1871 408 2230 487 alarumque,

309 485 424 548 fusi
434 487 810 545 Garamantes
840 496 902 546 et
922 494 1162 564 recepta
1186 487 1371 545 omnis
1392 488 1613 565 praeda,
1641 487 1751 546 nisi
1780 507 1951 565 quam
1969 490 2097 567 vagi
2119 509 2234 568 per

310 567 608 626 inaccessa
626 567 935 643 mapalium
963 568 1337 627 ulterioribus
1364 567 1765 627 vendiderant.

389 646 490 705 LI.
531 648 608 705 At
635 643 1019 724 Vespasiano,
1044 656 1178 724 post
1208 648 1676 708 Cremonensem
1702 666 1948 725 pugnam
1975 654 2037 708 et
2061 667 2230 725 pros-

309 744 489 804 peros
515 727 772 804 undique
799 726 1048 786 nuntios.
1091 735 1109 762 ‘
1132 727 1416 787 cecidisse
1463 727 1810 800 Vitellium:
1838 729 2000 787 multi
2040 729 2232 807 cujus·

311 826 429 883 que
456 806 718 877 ordinis,
745 807 873 884 pari
919 806 1154 864 audacia
1204 807 1549 888 fortunaque
1589 808 1901 868 hibernum
1945 827 2107 867 mare
2137 808 2254 868 ad‹

307 886 904 962 gressi,nuntiavere.
987 886 1252 944 Aderant
1271 888 1443 962 legati
1488 887 1666 963 Regis
1686 887 1985 965 Vologesi,
2005 897 2025 924 ‘
2058 889 2231 966 quad-

312 974 334 1001 ‘
361 967 581 1042 raginta
626 966 976 1026 Parthorum
1009 966 1274 1043 equitum
1311 966 1508 1023 millia’
1550 968 1887 1029 offerentes.
1967 968 2232 1046 Magnifi-

311 1064 444 1105 cum
470 1047 811 1124 laetumque,
830 1047 1003 1106 tantis
1024 1045 1315 1105 sociorum
1356 1044 1582 1104 auxiliis
1606 1048 1833 1119 ambiri,
1858 1067 2054 1126 neque
2080 1049 2231 1109 indi·

517 1157 523 1164 ,
711 1127 724 1138 ⁶
886 1147 887 1150 =
1853 1142 1859 1149 ·
1886 1136 1903 1164 ι

310 1127 1121 1266 :²22⁶an‘it‘3321223225‘23?
1121 1134 1333 1282 ,3333
1358 1124 2234 1297 ffiissffzssoeassgaffiffitff

310 1282 369 1341 in
390 1285 619 1344 ‘Italiam
640 1301 859 1363 resque
878 1285 1037 1345 urbis
1057 1287 1332 1356 intentus,
1363 1284 1664 1344 adversam
1685 1285 1759 1344 de
1791 1285 2121 1346 Domitiano
2147 1288 2231 1348 fa·

305 1380 463 1422 mam
488 1365 735 1442 accipit:
783 1374 801 1401 ⁶
829 1374 1118 1443 tamquam
1163 1366 1444 1444 terminos
1492 1365 1675 1423 aetatis
1716 1373 1779 1424 et
1805 1381 2083 1425 concessa
2107 1368 2235 1428 filio

307 1449 327 1478 ⁸
356 1444 781 1519 egrederetur-⁹
866 1447 1047 1521 Igitur
1070 1445 1483 1505 validissimam
1509 1443 1806 1505 exercitus
1834 1452 2060 1523 partem
2087 1447 2232 1508 Tito

303 1524 498 1595 tradit,
520 1526 591 1583 ad
612 1525 841 1602 reliqua
854 1525 892 1580 J
895 1525 1080 1585 udaiei
1099 1526 1244 1585 belli
1271 1525 1682 1603 perpetranda.
1715 1577 1720 1582 .

383 1605 513 1664 LII.
560 1605 782 1675 Titum,
811 1601 1114 1682 antequam
1139 1605 1569 1681 digrederetur,
1589 1605 1772 1666 multo
1814 1594 1966 1682 apud
2002 1614 2234 1684 patrem

302 1701 577 1744 sermone
603 1704 801 1746 orasse
814 1684 1155 1756 dicebatur,
1181 1694 1197 1720 ‘
1228 1697 1304 1744 ne
1320 1685 1748 1748 criminantium
1774 1686 1984 1744 nuntiis
2000 1695 2230 1748 temere

306 1769 324 1796 ‘
354 1765 778 1824 accenderetur
801 1788 821 1824 :
860 1765 1271 1843 integrumque
1317 1785 1384 1823 se
1433 1784 1501 1825 ac
1527 1765 1873 1842 placabilem
1914 1765 2036 1827 filio
2077 1787 2234 1845 pre·

303 1849 321 1876 ‘
350 1852 549 1905 staret.
634 1845 771 1902 Non
796 1844 1079 1920 legiones,
1107 1864 1223 1903 non
1249 1846 1490 1915 classes,
1528 1843 1775 1922 perinde
1803 1844 1970 1903 firma
1995 1845 2228 1925 imperii

306 1930 325 1960 ‘
355 1926 730 1998 munimenta,
790 1944 957 2001 quam
1018 1943 1326 1984 numerum
1371 1924 1718 1990 liberorum,
1816 1923 1968 1983 Nam
2011 1930 2234 1987 amicos

305 2010 321 2038 ‘
353 2012 643 2083 tempore,
691 2004 943 2075 fortuna,
997 2004 1364 2081 cupidinibus
1393 2003 1718 2083 aliquando,
1764 2011 1865 2063 aut
1900 2006 2226 2080 erroribus,
2266 2008 2270 2012 ⁴

304 2092 322 2120 ‘
351 2085 618 2154 inminui,
685 2083 1011 2154 transferri,
1057 2085 1368 2143 desinere:
1423 2103 1591 2144 suum
1630 2084 1841 2161 cuique
1865 2086 2228 2162 -sanguinem

300 2172 319 2202 ‘
350 2167 747 2233 indiscretum,
779 2162 878 2242 (d)
904 2163 1009 2222 sed
1034 2164 1284 2222 maxime
1332 2163 1738 2239 Principibus:
1785 2183 2032 2240 quorum
2059 2185 2232 2244 pros-

302 2254 320 2282 ‘
351 2246 514 2322 peris
542 2251 602 2303 et
628 2244 722 2302 alii
750 2242 1037 2314 fruantur,
1065 2243 1309 2302 adversa
1335 2243 1404 2323 ad
1418 2243 1815 2320 junctissimos
1856 2245 2222 2321 pertineant:

300 2334 319 2363 ⁶
349 2344 423 2384 ne
449 2324 723 2383 stati-ibus
762 2323 995 2402 quidem
1020 2340 1343 2397 mansuram
1364 2322 1754 2394 concordiam,
1800 2323 1859 2381 ni
1880 2343 2096 2401 parens
2122 2344 2225 2385 ex·
2293 2359 2306 2369 ·

298 2414 318 2443 ‘
349 2407 605 2482 emplum
641 2404 1035 2481 praebuissetss'
1118 2403 1532 2481 Vespasianus,
1561 2402 1714 2462 haud
1754 2421 1922 2480 aeque
1944 2404 2227 2465 Domitia-2

296 2506 374 2546 no
389 2486 690 2561 mitigatus,
709 2504 879 2563 quam
893 2485 1017 2543 Titi
1030 2484 1249 2561 pietate
1259 2485 1536 2561 gaudena,
1557 2492 1576 2519 ‘
1590 2485 1745 2541 bono
1758 2502 1889 2543 esse
1904 2484 2224 2562 animo’ju-

295 2569 443 2625 betf‘
474 2565 750 2641 belloque
771 2572 833 2626 et
858 2565 1030 2623 armis
1055 2565 1494 2642 Rempublicam
1516 2564 1838 2623 adtollere:
1883 2564 1998 2622 sibi
2016 2585 2222 2641 pacem

301 2656 318 2686 ‘
348 2647 694 2722 domumque
716 2664 874 2703 curae
906 2644 1055 2703 fore.
1118 2643 1297 2703 ‘Tum
1317 2645 1657 2704 celerrimas
1679 2644 1932 2714 navium,
1962 2643 2219 2705 frumen·

295 2735 356 2787 to
384 2733 633 2796 onustae,
663 2736 833 2784 saevo·
851 2724 1038 2783 adhuc
1065 2725 1209 2782 mari
1242 2725 1561 2784 committit.
1647 2724 1882 2801 Quippe
1919 2731 2077 2783 tanto
2103 2726 2219 2786 dis-

295 2806 541 2871 crimine
568 2806 703 2863 urbs
732 2807 986 2875 nutabat,
1014 2812 1079 2863 ut
1102 2804 1313 2863 decem
1358 2805 1512 2863 haud
1555 2805 1802 2881 amplius
1830 2804 2056 2879 dierum
2095 2807 2216 2866 Eru-

291 2894 550 2949 mentum
565 2887 625 2943 in
646 2886 874 2945 horreis
900 2883 1101 2954 suerit,
1122 2902 1257 2942 cum
1278 2903 1312 2942 a
1329 2882 1690 2961 Vespasiano
1711 2893 2063 2944 commeatus
2084 2887 2222 2945 sub-

278 2992 287 2999 ,
376 2984 540 3026 nere.
1299 3006 1311 3015 κ

290 2989 531 3105 veLIII.
563 3043 780 3105 Curam
798 3041 1140 3131 restituendi
1166 3040 1425 3117 capitolii
1446 3042 1505 3098 in
1533 3039 1939 3101 L.·Vestinum
1966 3041 2237 3120 confert,v

289 3125 594 3203 Equestris
623 3124 838 3183 ordinis
870 3124 1083 3191 virum,
1121 3121 1224 3179 sed
1253 3120 1589 3179 auctoritate
1615 3120 1879 3197 famaque
1906 3122 2063 3181 inter
2081 3132 2222 3201 pro·

289 3225 480 3266 ceres.
564 3206 652 3262 Ab
680 3223 753 3262 eo
780 3203 1062 3263 contracti
1090 3199 1453 3277 Haruspices
1480 3217 1783 3270 monuere,
1816 3206 1832 3232 ‘
1855 3208 1922 3260 ut
1947 3203 2220 3281 reliquiae

289 3294 307 3321 ⁸
338 3284 552 3362 prioris
580 3284 811 3342 delubri
838 3280 898 3342 in
939 3282 1175 3361 paludes
1215 3281 1643 3341 aveherentur:
1688 3280 1971 3358 templum
2012 3283 2220 3345 iisdem

286 3374 308 3403 ⁸
338 3364 593 3438 vestigiis
610 3364 952 3423 sisteretur:
997 3364 1153 3421 nolle
1183 3363 1367 3433 Deos,
1394 3360 1600 3420 mutari
1621 3368 1891 3421 veterem
1928 3361 2218 3422 ibi-mam.⁸

287 3445 615 3505 Undecimo
652 3442 782 3503 Kal.
842 3443 1056 3514 dulim,
1100 3461 1311 3528 serena
1363 3444 1497 3501 luce
1536 3442 1783 3520 spatium
1825 3458 2022 3514 omne,
2062 3440 2221 3521 quod

292 3705 328 3757 b
355 3640 779 3758 dweguique
803 3641 1458 3706 magunum-indiscretum.
1522 3640 1638 3692 The
1667 3639 1762 3691 ties
1776 3637 1838 3694 of
1865 3609 2018 3690 blood
2030 3635 2215 3692 cmm·

330 3720 365 3757 e
529 3720 564 3759 v
635 3740 655 3758 0

1182 3774 1256 3831 17
1285 3771 1321 3810 ’Β
