2459 4075
273 177 327 218 J.
359 179 417 218 c.
452 162 550 217 69.
754 155 1085 216 HISTOR.
1129 158 1284 220 LIB:
1328 158 1733 231 QUARTUS.
2088 167 2199 223 157

348 305 452 362 IX.
499 304 778 364 Secutum
830 303 984 361 aliud
1024 312 1343 364 certamen.-
1444 308 1737 365 Praetores
1786 307 1976 366 aerarii
2032 307 2194 387 (nam

267 393 448 452 tuma
470 384 827 472 Praetoribus
864 386 1213 443 tractabatur
1236 388 1535 468 aerarium)
1564 388 1656 466 (q)
1690 396 1708 424 ‘¹
1738 386 2029 464 publicam
2051 409 2190 465 pau-

175 493 181 497 >
266 474 282 499 ‘
304 467 610 541 pertatom'
642 462 854 541 questi,
889 466 1164 527 ‘.modum
1192 466 1471 542 inpensis’
1514 469 1963 543 postulaverant.
2049 468 2189 527 Eam

263 559 461 604 curam
485 546 705 604 Consul
728 544 1075 618 designatuS,
1098 547 1174 602 ob
1197 548 1642 622 magnitudinem
1666 548 1859 605 oneris
1898 555 1958 606 et
1999 566 2191 613 reme-

258 627 338 686 dii
358 626 778 691 difficultatem,
810 623 1067 701 Principi
1091 630 1453 685 reservabat.
1539 627 1868 696 HelvidiuS,
1894 634 1909 661 ⁶
1952 628 2191 686 arbitrio

262 714 277 738 ‘
311 703 557 766 Senatus
591 702 913 778 agendum,’
948 707 1194 763 censuit.
1280 708 1428 766 Cum
1460 716 1844 783 perrogarent
1875 707 2189 768 sententias

259 786 570 854 Consules„
589 783 900 856 ‚Vulcatius
928 783 1312 854 Tertullinus,
1340 788 1637 845 Tribunus
1655 788 1871 864 ‘plebi8,
1908 785 2208 846 interces-'

234 862 350 935 sit,
376 877 390 900 ⁶
417 886 491 924 ne
521 864 659 942 quid
697 880 877 938 super
904 870 1060 921 tanta
1088 884 1178 932 re,
1208 866 1463 945 Principi
1493 870 1754 938 absente,
1781 868 2185 927 statueretur.'

255 945 583 1004 Censuerat
618 942 940 1011 Helvidius,
991 951 1096 1000 §ut
1128 945 1460 1021 capitolium
1489 949 1726 1022 publice
1756 947 2187 1013 restitueretur,

261 1033 277 1059 ‘
303 1026 394 1104 (r)
436 1026 743 1101 adjuvaret
792 1022 1224 1098 Vespasianus.'
1312 1025 1450 1081 Eam
1493 1027 1838 1090 sententiam
1879 1025 2182 1086 modestis—

260 1106 439 1162 simus
469 1106 713 1181 quisque
750 1102 1004 1171 silentio,
1028 1102 1246 1161 deinde
1284 1105 1499 1164 oblivio
1527 1107 1882 1165 transmissit.
1967 1108 2185 1179 Fuere,

274 1185 374 1258 qui
399 1192 460 1241 et
474 1181 888 1246 meminissent.
2119 1181 2129 1186 “

258 1319 269 1332 ,
343 1262 417 1320 Χ.
460 1263 615 1322 Tum
636 1262 902 1319 invectus
931 1269 1019 1317 est
1042 1260 1346 1330 Musonius
1370 1261 1552 1321 Rufus
1579 1264 1638 1322 in
1662 1271 1677 1297 ‘
1709 1263 1978 1324 Publium
2006 1265 2181 1340 Cele-
2253 1333 2258 1338 ⁴

258 1353 281 1412 Γ
314 1359 461 1404 rem,
484 1363 517 1399 a
543 1360 658 1418 quo
681 1340 926 1399 Baream
955 1341 1237 1400 Soranum
1283 1343 1426 1401 salso
1446 1342 1780 1403 testimonio
1820 1343 2183 1404 circumvenss

233 1416 279 1452 '⁴
311 1422 473 1490 tum?
504 1423 795 1496 arguebat.
881 1419 965 1490 Ea
991 1423 1320 1496 cognitione
1370 1426 1643 1483 renovari
1697 1424 1827 1481 odia
1867 1407 2185 1483 adcusati'o»

252 1519 392 1559 num
421 1501 803 1560 videbantur:
849 1500 953 1556 sed
981 1501 1112 1558 vilis
1142 1510 1203 1560 et
1244 1518 1460 1561 nocens
1499 1522 1635 1562 reus
1670 1504 1896 1580 protegi
1929 1523 2043 1564 non
2072 1524 2178 1580 po„-

253 1587 457 1640 terat.‘
510 1582 745 1655 Quippe
803 1579 1004 1637 Sorani
1044 1590 1241 1639 sancta
1276 1584 1591 1642 memoria:
1658 1584 1843 1643 Celer
1883 1584 2180 1661 professus

240 1661 613 1737 sapientiam,
662 1660 798 1717 dein
841 1659 1000 1718 testis
1028 1661 1086 1718 in
1129 1659 1397 1733 Baream,
1440 1664 1707 1740 proditor
1751 1671 2179 1741 corruptorque

245 1741 417 1800 amici
447 1750 506 1799 et
527 1740 695 1815 cujus
721 1759 788 1797 se
816 1738 1150 1813 magistrum
1194 1741 1439 1801 ferebat.
1527 1744 1833 1804 Proximus
1866 1745 1991 1801 dies
2012 1763 2176 1801 caus·

243 1841 328 1882 8ae
357 1822 727 1888 destinatur„
784 1818 914 1876 Nec
936 1827 1050 1876 tam
1087 1821 1386 1881 Musonius
1416 1830 1507 1881 aut
1536 1823 1796 1893 Publius,
1827 1843 1996 1900 quam
2019 1822 2178 1884 Pris-

245 1922 349 1964 cus
375 1908 435 1960 et
471 1900 792 1960 Marcellus
822 1902 1147 1975 ceterique,
1193 1903 1366 1960 motis
1394 1903 1461 1960 ad
1505 1904 1786 1962 ultionem
1829 1902 2050 1974 animiS,
2074 1921 2175 1966 ex·

242 1982 681 2060 spectabantur.
1756 2016 1760 2024 -
2108 1987 2124 2055 s
2145 2046 2148 2057 ¹

326 2063 436 2119 XI.
484 2060 619 2117 Tali
667 2076 868 2116 rerum
914 2065 1084 2127 statu,
1113 2079 1246 2117 cum
1294 2062 1583 2120 discordia
1631 2064 1785 2121 inter
1819 2070 2041 2138 patreS,
2090 2063 2180 2122 ira

238 2144 397 2219 apud
437 2141 643 2207 victos,
687 2139 846 2203 nulla
869 2135 928 2195 in
965 2137 1282 2196 victoribus
1323 2141 1654 2210 auctoritas,
1688 2161 1803 2199 non
1831 2144 2013 2215 lege8‚
2059 2161 2174 2200 non

237 2224 534 2296 Princeps
586 2219 645 2274 in
691 2216 924 2274 civitate
973 2226 1188 2287 essent,
1233 2218 1556 2291 Mucianus,
1608 2222 1811 2278 urbem
1860 2220 2170 2294 ingressus,

235 2309 453 2363 cuncta
479 2298 650 2356 simul
670 2297 731 2355 in
751 2315 814 2353 se
856 2296 1067 2355 traxit:
1113 2297 1293 2357 fracta
1317 2298 1496 2356 Primi
1525 2300 1764 2358 Antonii
1779 2298 2039 2376 Varique
2061 2294 2170 2358 Ar·

154 2446 163 2453 ,
231 2385 310 2442 rii
360 2379 642 2458 potentia,
691 2376 840 2433 male
888 2376 1241 2437 dissimulata
1298 2379 1359 2437 in
1412 2399 1513 2437 eos
1553 2379 1805 2438 Muciani
1852 2379 2170 2451 iracundia,

233 2459 504 2542 quamvis
546 2458 709 2517 Vultu
730 2464 1047 2531 tegeretur.
1131 2459 1247 2517 Sed
1274 2459 1498 2530 civitas,
1527 2460 1797 2519 rimandis
1820 2458 2054 2516 offensis
2080 2478 2166 2517 sa-

229 2564 365 2620 gax,
414 2545 675 2599 verterat
711 2555 776 2594 se
819 2538 1322 2615 transtuleratqne.
1409 2541 1517 2597 llle
1562 2559 1704 2599 unus
1746 2540 1976 2607 ambiri,
2014 2540 2128 2596 coli
2141 2563 2163 2608 ς

228 2643 345 2683 nec
368 2622 575 2679 deerat
602 2617 711 2694 ipsi
735 2637 750 2674 τ
796 2619 1034 2693 stipatus
1063 2620 1319 2687 armatis,
1348 2619 1549 2677 domos
1588 2621 1907 2696 hortosque
1929 2638 2165 2695 permu·
2218 2651 2224 2657 ·

229 2700 733 2776 tansrqadparatu,
778 2699 1029 2765 incessu,
1068 2700 1354 2770 excubiis,
1395 2701 1509 2757 vim
1550 2700 1836 2776 Principis
1874 2700 2167 2775 amplecti,

230 2802 451 2842 nomen
471 2780 791 2839 remittere.
878 2777 1196 2836 Plurimum
1217 2779 1464 2838 terroris
1483 2779 1672 2845 intulit
1692 2781 1883 2841 caedes
1914 2779 2162 2856 Calpur—

230 2864 317 2922 nii
345 2859 666 2921 Galeriani.
754 2858 813 2914 ls
831 2854 938 2914 suit
952 2856 1101 2916 filius
1130 2858 1201 2916 C.
1237 2861 1483 2929 Pisonis,
1511 2862 1653 2921 n'ihil
1682 2880 1851 2921 ausus
1877 2882 1889 2917 :
1935 2859 2036 2917 sed
2060 2878 2160 2917 no·

228 2961 372 3001 men
397 2939 640 3013 insigne,
675 2943 735 2994 et
768 2937 985 2995 decora
1021 2937 1132 3012 ipsi
1150 2940 1415 3014 juventa,
1447 2959 1681 2998 rumore
1711 2940 1867 3013 vulgi
1894 2938 2159 2997 celebra-

225 3023 480 3083 bantur:
530 3024 809 3094 erantque
852 3017 913 3073 in
941 3017 1174 3076 civitate
1225 3019 1415 3076 adhuc
1457 3019 1709 3095 turbida,
1739 3025 1800 3076 et
1839 3017 2003 3075 novis
2032 3034 2161 3075 ser-

298 3216 331 3263 q
364 3195 415 3244 A
437 3193 725 3259 proetoribue
746 3192 1054 3243 tractabatur
1074 3195 1321 3242 ararium.
1390 3193 1486 3241 See
1509 3192 1711 3250 Annals,
1729 3190 1838 3239 xiii.
1862 3193 1943 3242 99.

297 3281 328 3313 r
365 3260 673 3323 Capitolium
698 3260 899 3322 publ-icc
921 3261 1280 3309 restitueretur.
1319 3257 1488 3309 'That
1519 3259 1605 3305 the
1645 3252 1845 3318 Capitol
1883 3254 2060 3309 should
2091 3258 2159 3308 be

224 3325 428 3380 nbuilt
446 3325 604 3372 under
618 3325 706 3371 the
722 3323 944 3385 auspices
961 3323 1019 3370 os
1040 3326 1127 3374 the
1149 3323 1422 3386 Republic,
1459 3323 1727 3386 Vespasian
1748 3323 1932 3387 aiding,
1951 3322 2047 3372 but
2067 3331 2155 3374 not

214 3397 278 3445 <in
298 3394 397 3443 the
418 3390 644 3452 capacity
664 3388 722 3436 os
755 3389 1017 3451 Emperor.
1084 3388 1365 3439 Helvcdius
1402 3389 1674 3438 contended
1696 3389 1770 3437 sor
1792 3390 1877 3437 the
1914 3388 2151 3452 indepen-

219 3462 387 3518 dence
402 3454 464 3503 os
476 3456 562 3504 the
586 3455 783 3503 Senate.
850 3454 944 3504 His
962 3456 1178 3504 enemies
1191 3458 1313 3505 took
1327 3471 1442 3504 care
1459 3461 1510 3504 to
1525 3461 1654 3504 storo
1670 3457 1783 3503 that
1793 3455 2149 3503 circumstance

220 3529 278 3576 in
294 3522 437 3574 their
456 3520 632 3576 minas,
651 3520 728 3568 for
749 3535 780 3568 a
800 3519 968 3568 future
988 3522 1104 3583 day.
1170 3522 1286 3572 The
1302 3522 1416 3571 ruin
1443 3521 1505 3571 of
1516 3522 1614 3570 this
1647 3521 1894 3569 excellent
1908 3534 2023 3568 man
2043 3534 2150 3567 was

219 3594 313 3643 the
333 3590 563 3704 dis'graee
604 3584 663 3635 of
696 3585 1003 3649 Vespasian’s
1036 3588 1193 3651 reign.
1261 3589 1356 3638 See
1390 3587 1642 3652 appendix
1673 3593 1730 3638 to
1762 3585 1893 3635 Hist.
1921 3586 1956 3633 i.
1990 3599 2030 3633 s.
2065 3584 2144 3633 79.

224 3658 373 3707 Mur.
449 3667 523 3702 ac.
973 3704 982 3712 ,
1523 3706 1532 3715 ⁴
1849 3704 1856 3711 ,

1122 3726 1197 3779 15
1224 3722 1260 3758 ⁴⁸
