2459 4075
272 75 355 131 ‘18
876 100 945 158 e.
992 103 1233 166 coRN,
1263 85 1586 177 ffiAciTl.
1617 133 1622 137 ·
1761 149 1831 200 .-⁴·
1863 151 1920 189 u.
1952 151 2008 192 c.
2040 141 2172 197 820.

277 222 548 295 ‘agebatz
595 254 706 296 nec
748 258 857 315 per
882 243 1068 318 ipsum
1112 250 1390 328 Galbam3
1434 261 1604 335 cujus
1625 265 1845 343 integra
1872 282 2184 344 auctoritas

275 302 290 326 ‘
320 303 632 379 majoribus
672 320 940 380 remediis
983 333 1366 396 servabatur!
1450 338 1583 398 Piso
1631 365 1740 420 pro
1779 353 2047 422 gradibus
2075 360 2179 419 do-

270 394 396 438 mus
426 400 656 451 vocatos
685 396 742 452 in
770 398 921 459 hunc
958 408 1184 466 modum
1222 413 1520 477 adlocutus
1563 431 1686 481 est:
1735 434 1750 460 ‘
1792 430 2000 491 Sextus
2037 436 2163 497 dies

246 461 288 532 ,⁶
319 462 522 538 agitur,
555 476 989 551 commilitoneS,
1035 503 1108 544 ex
1138 509 1273 563 qUO,
1316 491 1543 569 ignarus
1571 499 1768 574 futuri,
1810 516 1870 568 et
1908 512 2033 572 sive
2067 534 2173 593 op·

270 540 286 565 ‘
317 544 541 603 tandum
580 550 691 609 hoc
728 574 961 629 nomen,
995 564 1119 623 sive
1167 570 1479 633 timendum
1526 589 1670 652 erat,
1695 584 1901 646 Caesar
1927 593 2170 654 adscitus

268 620 283 645 ⁶
312 637 455 679 sum.
542 628 670 698 Quo
698 633 899 695 domus
935 651 1145 704 nostrae
1177 658 1279 707 aut
1301 651 1663 730 Reipublicae
1695 662 1867 726 fatum
1891 669 1949 727 in
1976 681 2173 734 vestra

266 699 280 724 ‘
311 717 478 759 manu
521 710 766 780 positum
813 725 936 789 est3
982 741 1121 790 non,
1145 730 1278 802 quia
1315 751 1443 791 meo
1465 740 1700 799 nomine
1729 746 2042 808 tristiorem
2072 773 2169 811 ca·

265 784 279 805 ⁸
309 796 434 835 sum
461 801 721 858 paveam,
752 792 843 867 (ut
873 799 991 872 qui,
1015 802 1285 896 advergas
1314 830 1409 869 res
1434 828 1731 892 expertus,
1762 844 1891 883 cum
1919 830 2168 892 maxime

263 857 278 881 ‘
308 855 541 929 discam,
576 885 649 923 ne
682 878 963 934 secundas
997 883 1228 956 quidem
1272 889 1466 950 minus.
1493 895 1835 962 discriminis
1876 906 2163 989 habere3)

259 934 273 959 ‘
305 938 503 1023 patris,
536 942 632 1023 (d)
658 957 716 1006 et
738 951 1079 1028 Senatusffit
1098 963 1278 1038 ipsius
1309 970 1545 1047 Imperii
1569 978 1756 1038 vicem
1778 984 1971 1054 dole0,
1994 987 2041 1044 si
2064 1008 2165 1046 no-

258 1013 272 1037 ‘
306 1013 388 1070 bis
413 1028 507 1077 aut
537 1027 736 1098 perire
759 1031 933 1094 hodie
962 1059 1205 1101 necesse
1231 1055 1343 1117 est,
1374 1060 1492 1121 aut,
1522 1059 1673 1130 quod
1704 1081 1869 1137 aeque
1895 1066 2048 1138 apud
2062 1068 2168 1126 bo-

256 1093 271 1116 ‘
302 1112 403 1151 nos
435 1102 710 1168 miserum
739 1120 848 1183 est,
885 1120 1177 1181 occidere.
1266 1128 1538 1189 Sol-atium
1566 1139 1816 1210 proximi
1852 1135 2040 1201 moti'is
2068 1146 2167 1203 ha·

251 1171 271 1244 ἦ
297 1172 573 1244 bebamus
606 1187 965 1254 incruentam
994 1202 1221 1273 urbem,
1258 1216 1318 1265 et
1345 1228 1440 1268 res
1468 1213 1592 1271 sine
1620 1217 1905 1277 discordia
1932 1226 2168 1282 transla-

256 1253 270 1277 ‘
302 1260 404 1312 tas.
492 1261 797 1327 Provisum
833 1276 1138 1351 adoptione
1182 1285 1506 1357 videbatur,
1553 1301 1715 1351 utne
1762 1306 1894 1369 post
1920 1300 2163 1358 Galbam

255 1344 269 1364 ⁶
303 1336 533 1407 quidem
564 1345 719 1402 bello
750 1350 910 1407 locus
935 1365 1105 1411 esset.

328 1412 516 1471 xxx.
567 1429 582 1452 ε
614 1422 774 1479 Nihil
794 1433 1069 1502 arrogabo
1098 1435 1236 1489 mihi
1255 1440 1563 1510 nobilitatis
1581 1448 2021 1511 autmodestiae:
2053 1443 2157 1514 n‘e-

252 1494 265 1518 ‘
299 1509 412 1563 que
450 1495 602 1553 enim
634 1502 817 1558 relatu
855 1506 1129 1564 virtutum
1159 1511 1214 1566 in
1255 1520 1685 1591 comparatione
1724 1525 1970 1589 Othonis
2011 1554 2157 1611 opus

250 1572 264 1596 ⁴
292 1575 402 1625 est.
490 1573 663 1645 Vitia,
714 1580 912 1653 quibus
959 1586 1096 1644 solis
1142 1590 1442 1664 gloriatur,
1485 1607 1761 1661 evertere
1818 1607 2156 1686 Imperium,

248 1650 262 1674 ⁴
282 1647 464 1720 {etiam
497 1672 627 1711 cum
655 1657 896 1716 amicum
941 1662 1317 1739 Imperatoris
1353 1684 1571 1747 ageret.
1602 1676 1687 1759 (e)
1771 1684 2062 1749 Habitune
2096 1702 2157 1751 et

241 1729 262 1753 '‘
291 1726 540 1797 incessu,
565 1753 633 1789 an
662 1733 762 1791 illo
788 1740 1059 1800 muliebri
1083 1757 1286 1806 ornatu
1304 1749 1415 1831 (s)
1442 1765 1772 1819 mereretur
1792 1764 2109 1843 Imperium
2130 1773 2156 1834 2.

245 1808 261 1832 ⁴
294 1803 613 1880 Falluntur,
677 1815 884 1890 quibus
954 1822 1182 1883 luxuria
1227 1833 1429 1904 specie
1483 1835 1843 1901 liberalitatis
1904 1847 2145 1924 inponit.

244 1887 258 1912 ⁶
291 1882 550 1944 Perdere
568 1890 676 1948 iste
705 1894 872 1965 sciet,
916 1899 1130 1962 donare
1175 1909 1415 1969 nesciet.
1501 1915 1710 1991 Stupra
1730 1942 1881 1981 nunc
1910 1933 1970 1983 et
1995 1945 2150 1990 com·
2203 1931 2212 1942 “

243 1969 257 1991 ‘
292 1962 645 2026 missationes
675 1980 734 2031 et
758 1974 1099 2040 feminarum
1122 1994 1307 2046 coetus
1329 1993 1515 2051 volvit
1541 1997 1726 2057 animo
1750 2022 1763 2057 z
1823 2003 1950 2064 haec
1979 2006 2145 2067 Prin-

242 2046 257 2070 ,
283 2050 286 2054 Α

289 2042 507 2131 cipatus
536 2054 779 2122 praemia
815 2067 1016 2133 putat3
1063 2082 1305 2140 quorum
1343 2072 1521 2130 libido
1558 2095 1622 2133 ac
1660 2080 1924 2157 voluptas
1963 2104 2158 2160 penes,

239 2124 254 2150 ⁶
285 2140 472 2199 ipsum
518 2127 612 2197 sit,
640 2134 823 2194 rubor
862 2158 929 2197 ac
969 2140 1223 2207 dedecus
1246 2167 1428 2223 penes
1472 2172 1690 2215 omneS.
1773 2158 1963 2220 Nemo
1992 2165 2144 2231 enim

239 2204 254 2227 ‘
287 2218 535 2276 unquam
568 2208 905 2287 Imperium,
942 2219 1155 2295 flagitio
1194 2230 1519 2301 quaesitum,
1544 2234 1709 2294 bonis
1736 2241 1952 2298 artibus
1982 2262 2154 2302 exer·

237 2282 251 2307 ⁴
284 2279 420 2337 cuit.
505 2284 748 2350 Galbam
773 2300 1091 2354 consensus
1107 2305 1340 2373 generis
1369 2307 1621 2377 humani,
1659 2331 1752 2369 me
1775 2316 1979 2386 Galba,
2008 2340 2145 2381 con-

236 2362 251 2386 ‘
283 2360 659 2424 sentientibus
684 2372 872 2440 vobis,
904 2374 1197 2434 Caesarem
1220 2379 1381 2438 dixit.
1428 2384 1486 2440 Si
1505 2385 1854 2463 Respublica
1880 2402 1941 2452 et
1968 2397 2143 2457 Sena-

234 2446 251 2466 ·
282 2442 371 2494 tus
405 2447 465 2498 et
501 2442 754 2521 Populus
787 2469 932 2507 vana
967 2453 1199 2513 nomina
1230 2466 1396 2517 sunt:
1442 2471 1658 2537 vestra,
1698 2472 2142 2550 commilitones,

229 2519 249 2545 ⁸
281 2515 542 2590 interest,
564 2542 638 2581 ne
674 2527 1099 2603 Imperatorem
1126 2535 1362 2608 pessimi
1391 2538 1617 2602 faciant.
1701 2546 2021 2623 Legionum
2042 2576 2135 2616 se-

232 2597 247 2622 ‘
271 2594 410 2653 ditio
445 2599 751 2662 adversum
782 2607 995 2679 ¹Duces
1031 2630 1165 2669 suos
1194 2615 1403 2675 audita*
1427 2627 1515 2679 est
1556 2624 1856 2703 aliquando
1885 2652 1898 2688 z
1945 2646 2141 2695 vestra

228 2676 244 2701 ‘
275 2670 419 2735 fide‘s
446 2677 706 2758 famaque
724 2685 922 2746 inlaesa
942 2688 1010 2746 ad
1031 2691 1182 2750 huuc
1203 2694 1357 2755 diem
1373 2703 1608 2761 mansit:
1655 2714 1711 2766 et
1723 2705 1886 2767 Nero
1906 2732 2135 2790 quoque

226 2756 245 2815 ,⁸
276 2773 385 2813 vos
409 2758 685 2832 destituit,
703 2783 817 2822 non
845 2786 949 2826 vos
977 2768 1035 2825 N
1039 2789 1308 2835 eronemt
1377 2777 1572 2839 Minus
1589 2785 1817 2860 triginta
1832 2791 2138 2868 transfugae

224 2834 244 2897 ‚⁶
277 2842 339 2892 et
362 2836 718 2913 desertores,
757 2863 898 2920 quos
931 2847 1347 2913 centurionem
1380 2866 1473 2916 aut
1509 2844 1838 2927 Tribunum
1878 2872 1987 2929 sibi
2031 2872 2136 2930 eli—

229 2913 243 2937 ‘
273 2923 475 2987 gentes
508 2938 678 2981 nemo
721 2922 925 2996 ferret,
970 2929 1287 3005 Imperium
1331 2937 1747 3014 adsignabunt?
1824 2950 2133 3010 Admittitis

227 2992 244 3016 ·
276 2998 654 3074 exemplum?
722 3010 783 3062 et
838 3008 1192 3082 quiescendo
1252 3031 1558 3078 commune
1614 3026 1840 3084 crimen
1901 3028 2130 3089 facitis?

227 3071 241 3095 ‘
275 3071 676 3139 Transcendet
707 3082 834 3143 haec
881 3086 1114 3146 licentia
1139 3090 1195 3150 in
1218 3095 1546 3169 provincias
1574 3125 1588 3160 ε
1635 3112 1694 3163 et
1721 3105 1789 3160 ad
1816 3125 1919 3163 nos
1940 3109 2128 3166 scele-

228 3150 244 3174 ⁸
275 3170 401 3211 rum
426 3157 635 3229 exituS,
662 3160 953 3223 bellorum
988 3169 1209 3263 advos,
1233 3174 1623 3248 pertinebunt.
1707 3181 1763 3237 N
1767 3200 1839 3240 ec
1864 3191 1953 3241 est
1973 3187 2128 3261 plus,

288 3347 321 3394 d
352 3348 542 3400 Patris.
610 3351 789 3414 Galba,
817 3358 932 3408 who
946 3374 1050 3409 was
1071 3362 1147 3410 his
1173 3365 1391 3429 adopted
1414 3369 1595 3419 father.

288 3428 312 3459 e
346 3410 674 3479 Imperatoris.
740 3419 902 3470 Nero.

273 3479 320 3539 s
342 3479 435 3528 See
458 3481 488 3528 J
496 3481 727 3529 uvenal’s
749 3484 1054 3552 description
1069 3488 1127 3540 os
1151 3493 1332 3544 Otho‘s
1349 3496 1664 3564 effeminacy,
1686 3502 1786 3554 and
1799 3504 1875 3556 hia
1892 3505 2116 3573 hoking-

218 3543 364 3607 glass.
433 3546 537 3596 Sat.
555 3546 607 3596 ii.
623 3562 728 3598 ver.
752 3551 829 3600 99.
