2459 4075
230 119 309 174 92
825 112 900 172 C.
945 110 1191 171 CORN.
1240 110 1546 170 TAclTl.
1749 132 1807 170 Α.
1839 131 1899 172 υ.
1933 134 1987 174 c.
2017 118 2154 176 82-2.

228 260 333 337 gie
355 258 552 320 firmus
578 260 854 320 adversus
894 259 1205 320 militarem
1247 257 1632 334 largitionem,
1661 274 1852 335 eoque
1894 261 2165 321 exercitu

227 340 494 399 meliore.
576 339 745 399 Missi
762 340 831 400 ad
847 340 1129 399 Parthum
1146 338 1598 413 Armeniumque
1618 338 1815 413 legati,
1831 340 2163 415 provisum·

141 461 150 470 .
231 438 370 497 que,
399 439 496 490 ne,
526 421 712 479 versis
742 419 810 477 ad
837 420 1014 479 civile
1046 420 1267 478 bellum
1303 417 1650 493 legionibus,
1683 425 1850 495 terga
1873 419 2163 480 nudaren-

230 506 345 558 tur.
429 500 630 559 Titum
653 501 870 560 instare
897 498 1145 569 Judaeae‚
1176 498 1597 575 Vespasianum
1621 499 1889 557 obtinere
1916 499 2170 560 claustra
2260 520 2273 524 ·

231 579 470 656 AEgypti
511 580 764 657 placuit:
825 579 1095 639 sufficere
1132 577 1482 637 videbantur
1526 577 1806 638 adversus
1853 573 2161 640 Vitellium

231 678 367 736 pars
386 661 695 737 copiarum
723 667 782 719 et
822 661 956 718 Dux
990 658 1289 717 Mucianus
1322 665 1383 715 et
1426 657 1767 734 Vespasiani
1811 676 2045 730 nomen,
2088 679 2158 720 ac

229 739 372 796 nihil
402 739 639 798 arduum
660 739 805 798 fatis.
891 738 980 796 Ad
1001 757 1200 797 omnes
1224 738 1519 796 exercitus
1547 738 1908 814 Legatosque
1926 739 2164 816 scriptae

233 818 520 895 epistolae,
572 826 1073 897 praeceptumque,
1114 820 1212 876 ‘ut
1255 817 1665 881 PraetorianoS.
1696 818 1937 878 Vitellio
1976 817 2164 878 infen-

235 909 250 932 ‘
271 916 388 969 soS‚
419 899 818 976 reciperandae
850 899 1072 960 militiae
1100 896 1345 975 praemio
1373 897 1728 957 invitarent.'

312 977 648 1038 LXXXIII.
691 979 992 1038 Mucianus
1021 997 1148 1036 cum
1180 976 1455 1054 expedita
1495 996 1687 1048 manu,
1728 978 1952 1038 socium
1985 980 2162 1057 magis

235 1056 496 1134 Imperii,
530 1078 701 1136 quam
727 1059 1048 1118 ministrum
1073 1076 1269 1133 egena,
1288 1076 1403 1116 non
1429 1057 1589 1115 lento
1616 1058 1852 1129 itinere,
1882 1078 1957 1136 ne
1986 1077 2161 1119 cunc·
2254 1067 2267 1072 ⁷

230 1137 340 1196 tari
360 1139 685 1210 videretur,
714 1143 908 1215 neque
935 1147 1125 1196 tamen
1153 1155 1499 1214 properans,
1526 1136 1777 1211 gliscere
1804 1137 2006 1196 famam
2033 1138 2162 1217 ipso

231 1220 415 1295 spatio
458 1221 717 1279 sinebat:
763 1238 994 1295 gum-m,
1025 1218 1276 1275 modicas
1298 1216 1457 1275 vires
1485 1209 1621 1288 sibiss
1647 1225 1708 1276 et
1741 1218 1966 1295 majora
1997 1220 2162 1278 credi

234 1298 309 1356 de
348 1300 699 1358 absentibus.
786 1300 901 1356 Sed
945 1298 1096 1373 legio
1125 1304 1289 1355 sexta
1316 1303 1377 1354 et
1402 1297 1684 1355 tredecim
1722 1297 2161 1357 vexillariorum

232 1380 411 1436 millia
453 1379 669 1455 ingenti
709 1379 931 1452 agmine
961 1379 1373 1453 sequebantur.
1459 1376 1625 1440 Class
1756 1396 1790 1436 e
1827 1377 2011 1435 Ponto
2042 1377 2160 1468 (f)

236 1458 582 1533 Byzantium
611 1459 756 1532 adigi
783 1458 1037 1532 jusserat
1076 1479 1089 1513 z
1137 1458 1435 1531 ambiguus
1463 1456 1623 1515 consi
1670 1473 1711 1527 1,
1748 1477 1904 1527 num,
1955 1476 2168 1518 omissa

234 1535 478 1606 Moesia,
504 1537 934 1615 Dyrrhachium
967 1535 1162 1612 pedite
1201 1544 1373 1612 atque
1402 1536 1622 1612 equite,
1651 1537 1820 1595 simul
1846 1536 2037 1618 longis
2057 1558 2159 1596 na·

233 1616 401 1674 vibus
441 1636 677 1675 versum
706 1618 763 1674 in
792 1616 1011 1673 Italiam
1049 1635 1207 1675 mare
1237 1616 1558 1685 clauderet,
1587 1624 1705 1675 tuta
1737 1636 1889 1693 pone
1935 1627 2166 1693 tergum

235 1695 450 1753 Achaia
476 1698 726 1774 Asiaque
756 1692 769 1755 ὲ
817 1713 955 1773 quas
976 1697 1231 1755 inermes
1262 1696 1483 1776 exponi⁸
1504 1695 1765 1767 Vitellio,
1789 1697 1847 1754 ni
1874 1698 2164 1778 praesidiis

233 1774 640 1835 firmarentur:
688 1785 857 1852 atque
889 1778 1076 1853 ipsum
1105 1776 1407 1835 Vitellium
1440 1775 1497 1832 in
1522 1776 1761 1841 *incerto
1802 1775 1953 1845 fore,
1993 1797 2166 1854 quam

232 1864 457 1930 partem
487 1857 652 1915 Italia
681 1861 1040 1933 protegeret,
1080 1856 1125 1912 si
1164 1858 1274 1913 sibi
1314 1850 1683 1914 Brundisium
1714 1857 2162 1933 Tarentumque

235 1940 295 1991 et
315 1934 588 1994 Lucaniae
618 1936 1025 2012 Calabriaeque
1054 1936 1224 1994 litora
1252 1935 1473 1993 infestis
1491 1935 1766 1995 classibus
1795 1944 2161 2012 peterentur.

310 2014 639 2074 LXXXIV.
686 2017 867 2093 Igitur
888 2016 1139 2086 navium,
1164 2016 1429 2086 militum,
1454 2034 1767 2086 armorum,
1790 2024 1992 2093 paratu
2013 2024 2163 2077 stre-

234 2115 381 2172 pere
405 2097 749 2173 provinciae.
837 2098 951 2154 Sed
978 2096 1122 2154 nihil
1163 2116 1332 2172 aeque
1373 2092 1658 2170 fatigabat,
1689 2116 1859 2173 quam
1887 2098 2162 2173 pecunia-

237 2195 364 2233 rum
415 2178 802 2255 conquisitio:
852 2186 986 2235 ‘eos
1016 2195 1145 2234 esse
1178 2177 1316 2233 belli
1356 2176 1849 2242 civilisnervos,²
1894 2177 2163 2237 dictitans

234 2254 555 2319 MucianuS.
586 2277 698 2315 non
737 2258 837 2334 jus
886 2265 984 2313 aut
1011 2275 1216 2314 verum
1263 2257 1319 2313 in
1359 2255 1803 2330 cognitionibus,
1832 2258 1934 2315 sed
1983 2258 2165 2318 solam

232 2337 678 2411 magnitudinem
708 2356 883 2411 opum
904 2337 1239 2410 spectabat:
1286 2336 1497 2410 passim
1517 2336 1834 2394 delationes
1859 2359 1872 2393 :
1921 2343 1980 2395 et
2000 2338 2162 2396 locu-

234 2416 587 2492 pletissimus
616 2417 862 2491 quisque
899 2415 954 2470 in
984 2415 1240 2490 praedam
1268 2417 1536 2490 conrepti
1561 2439 1573 2474 :
1609 2435 1738 2492 quae
1765 2416 1962 2491 gravia
1988 2425 2161 2493 atque

232 2495 614 2563 intoleranda,
659 2495 761 2551 sed
816 2494 1161 2551 necessitate
1216 2513 1506 2552 armorum
1553 2504 1842 2567 excusata,
1892 2496 2061 2553 etiam
2104 2497 2164 2555 in·

234 2595 378 2651 pace
407 2593 705 2631 mansere:
752 2573 879 2648 ipso
909 2573 1288 2650 VespasianO,
1311 2575 1466 2632 inter
1492 2576 1651 2633 initia
1678 2575 1938 2651 Imperii,
1967 2576 2033 2632 ad
2059 2577 2162 2635 ob-

235 2654 494 2711 tinendas
529 2653 856 2727 iniquitates
891 2653 1041 2710 haud
1078 2655 1324 2730 perind‘e
1364 2655 1718 2713 obstinante:
1765 2655 1951 2732 donec
1980 2655 2168 2714 indul-

234 2734 428 2808 gentia
463 2730 708 2789 sortunae
748 2744 806 2790 et
844 2734 1036 2809 pravis
1066 2733 1347 2808 magistris
1376 2732 1580 2794 didicit
1608 2752 1895 2813 aususque
1924 2742 2032 2792 est.
2064 2734 2164 2814 (g)

234 2810 496 2888 Propriis
536 2830 767 2889 quoque
791 2812 1002 2888 opibus
1031 2812 1332 2871 Mucianus
1364 2811 1582 2871 bellum
1609 2813 1788 2889 juvit,
1819 2817 2009 2889 largus
2039 2817 2155 2892 pri-

236 2891 431 2961 vatim,
463 2891 617 2968 quod
647 2893 867 2951 avidius
905 2893 979 2950 de
1020 2893 1342 2970 Republica
1370 2902 1648 2952 sumeret.
1736 2892 1940 2952 Ceteri
1963 2894 2162 2954 conse·
2252 2925 2257 2930 ·

236 2972 546 3029 rendarum
563 2973 938 3049 pecuniarum
965 2975 1297 3050 exemplum
1316 2973 1500 3030 secuti
1525 2995 1537 3029 :
1573 2973 1892 3032 rarissimus
1915 2974 2164 3051 quisque

236 3053 478 3111 eandem
496 3052 553 3109 in
583 3053 965 3131 reciperando
988 3053 1284 3112 licentiam
1312 3052 1662 3112 habuerunt.

319 3133 616 3191 LXXXV.
661 3135 1004 3194 Accelerata
1048 3133 1280 3193 interim
1327 3131 1669 3219 Vespasiani
1697 3140 1909 3209 coepta,
1940 3132 2166 3209 Illyrici

285 3302 331 3365 s
357 3298 568 3349 Classem
592 3315 616 3346 e
638 3300 825 3348 Ponto..
888 3297 1002 3346 The
1027 3298 1246 3346 Romans
1267 3296 1368 3344 had
1391 3314 1422 3345 a
1442 3298 1559 3346 fleet
1574 3296 1632 3345 of
1658 3296 1791 3359 forty
1813 3295 1922 3354 sass,
1960 3301 2014 3345 at
2032 3296 2165 3347 Pon-

236 3373 333 3425 tus,
354 3365 430 3412 for
451 3365 536 3411 the
554 3365 829 3425 protection
850 3362 907 3411 of
922 3363 1032 3413 that
1052 3368 1201 3411 coast.

298 3449 336 3496 g
368 3429 655 3490 Vespasian‚
691 3429 744 3474 in
763 3431 849 3476 the
881 3428 1060 3491 height
1074 3430 1132 3477 of
1159 3429 1237 3476 his
1276 3443 1469 3490 power,
1505 3429 1593 3476 did
1615 3433 1701 3477 not
1734 3427 1934 3490 scruple
1956 3434 2010 3478 to
2030 3429 2161 3478 raise

237 3497 375 3561 large
397 3507 531 3541 sums
563 3496 619 3542 os
646 3509 827 3555 money
863 3494 934 3554 by
954 3509 1127 3542 severe
1165 3495 1446 3551 exaction33
1482 3494 1578 3542 but
1614 3495 1701 3541 the
1739 3495 1955 3557 apology
1986 3496 2062 3543 sor
2080 3494 2161 3542 his

238 3560 435 3613 avan'ee
451 3571 556 3605 was
576 3560 663 3608 the
677 3559 858 3606 liberal
895 3559 1037 3620 spirit
1056 3560 1184 3608 with
1200 3558 1371 3607 which
1391 3561 1456 3607 he
1495 3559 1712 3608 adorned
1735 3560 1898 3609 Rome
1913 3560 2011 3608 and
2026 3559 2161 3620 Italy

237 3628 365 3678 with
388 3623 544 3690 grand
568 3625 664 3673 and
685 3625 848 3673 useful
864 3628 1046 3674 works.
1116 3626 1209 3673 See
1235 3623 1375 3674 Suet.
1396 3625 1448 3673 in
1465 3626 1613 3689 Vesp.
1637 3642 1675 3674 s.
1696 3627 1774 3675 16.
