2459 4075
36 3512 62 3907 ἰ

273 182 331 222 ι.
363 183 422 223 0.
455 115 551 222 so.
729 156 1058 260 ms'roa.
1104 159 1259 219 ΜΒ.
1305 156 1751 220 secuNnus.
2125 159 2207 213 85

279 327 430 388 pere
462 308 767 384 legionarii
792 308 853 366 in
892 307 1216 384 perniciem
1244 304 1609 374 auxiliorum,
1652 322 1720 362 ac
1764 301 1893 360 duae
1929 299 2205 361 cohortes

155 395 164 398 “
273 387 619 449 interfectae.
707 388 1057 445 Remedium
1080 386 1354 445 tumultus
1395 383 1505 443 fuit
1530 386 1673 443 alius
1701 381 1997 450 tumultus,
2019 379 2216 457 pulvis

275 470 478 544 procul
497 477 557 526 et
574 487 732 527 arma
748 467 1246 543 adspiciebantur:
1277 466 1692 524 conclamatum
1709 468 1983 538 repente,
2006 467 2023 492 ⁸
2045 476 2215 535 quar·

279 547 1052 626 ‘,tamdecimamlegionem,
1084 564 1261 605 verso
1287 545 1525 615 itinere,
1553 543 1622 602 ad
1644 542 1918 620 proelium
1935 539 2144 599 venire
2167 538 2208 596 :’

272 628 377 684 sed
391 634 559 686 erant
575 627 810 702 agminis
832 633 1169 684 coactores:
1201 626 1372 702 agniti
1400 625 1714 701 dempsere
1734 619 2205 681 sollicitudinem.

274 705 514 765 Interim
532 705 794 781 Verginii
812 724 1021 763 servus
1043 704 1194 764 forte
1216 705 1445 776 obvius,
1463 711 1528 763 ut
1569 712 1586 737 ⁸
1610 718 1930 781 percussor
1958 697 2205 758 Vitellii'

276 785 665 845 insimulatur:
697 793 758 845 et
774 786 981 843 ruebat
1000 784 1071 842 ad
1087 784 1419 843 convivium
1454 784 1642 854 mileS,
1673 792 1690 818 ‘
1714 788 1963 840 mortem
1995 778 2207 853 Vergi-

271 865 372 923 nii’
399 869 748 943 exposcens.
794 864 890 923 Ne
924 864 1195 922 Vitellius
1235 864 1487 940 quidem,
1517 880 1854 940 quamquam
1890 861 1962 918 ad
2002 876 2206 917 omnes

273 945 635 1023 suspiciones
676 945 940 1021 paviduS,
968 944 1041 1002 de
1055 942 1401 1001 ‘innocentia
1426 943 1549 1019 ejus
1576 939 1890 999 dubitavit:
1938 958 2096 1015 aegre
2123 945 2207 996 ta-

271 1042 410 1084 men
436 1025 702 1093 cohibiti,
731 1025 830 1100 qui
857 1023 1095 1081 exitium
1115 1022 1231 1080 viri
1254 1021 1613 1089 ConsulariS,
1630 1028 1691 1078 et
1717 1020 2000 1096 quondam
2025 1017 2208 1077 Ducis

276 1105 396 1175 sui,
425 1103 770 1177 flagitabant.
853 1100 986 1158 Nec
1009 1111 1351 1177 quemquam
1378 1100 1614 1176 saepius,
1652 1117 1817 1175 quam
1845 1098 2211 1172 Verginium,

277 1182 468 1240 omnis
512 1181 719 1239 seditio
750 1180 1076 1237 infestavit:
1120 1178 1390 1237 manebat
1433 1178 1731 1235 admiratio
1770 1176 1885 1236 viri
1923 1183 1985 1233 et
2024 1175 2207 1234 fama:

269 1261 384 1321 sed
410 1260 672 1329 aderant,
693 1265 753 1320 ut
777 1257 1027 1317 fastiditi.
1123 1303 1144 1332 Ι

352 1339 569 1399 LXIX.
615 1337 862 1398 Postero
887 1338 1007 1409 die,
1055 1337 1356 1408 Vitellius,
1385 1338 1651 1408 Senatus,
1696 1335 2009 1413 legatione,
2038 1352 2210 1413 quam

269 1420 356 1478 ibi
397 1419 661 1498 opperiri
705 1421 983 1496 jusserat,
1013 1418 1222 1489 audita,
1277 1425 1672 1495 transgressus
1715 1419 1777 1476 iu
1821 1424 2029 1489 castra,
2053 1417 2207 1474 ultro

275 1507 295 1533 ⁸
325 1500 603 1577 pietatem
628 1499 894 1558 militum'
917 1499 1321 1558 conlaudavit:
1365 1498 1746 1559 frementibus
1764 1497 2013 1568 auxiliis,
2046 1504 2061 1530 ‘
2086 1503 2208 1554 tan-

270 1587 288 1613 ‘
323 1587 444 1647 tum
476 1579 812 1656 inpunitatis
860 1584 1030 1656 atque
1059 1578 1413 1654 adrogantia
1456 1578 1811 1656 legionariis,
1841 1576 2205 1638 accessisse)

282 1658 576 1718 Cohortes
617 1658 993 1727 Batavorum,
1037 1677 1113 1716 ne
1156 1659 1297 1736 quid
1347 1659 1729 1719 truculentius
1783 1660 2086 1726 auderent,
2149 1655 2211 1713 in

276 1738 646 1797 Germaniam
667 1739 929 1799 remissae
953 1760 967 1795 :
1013 1738 1365 1816 principium
1387 1739 1617 1799 interno
1643 1740 1814 1796 simul
1843 1746 2208 1813 externoque

276 1819 437 1876 bello
492 1820 822 1895 parantibus
866 1815 1014 1876 fatis.
1050 1815 1156 1897 (k)
1231 1817 1478 1878 Reddita
1517 1818 1846 1878 civitatibus
1904 1819 2210 1876 Gallorum

281 1898 511 1968 auxilia,
554 1899 755 1973 ingens
782 1916 1082 1966 numerus,
1125 1906 1185 1956 et
1224 1899 1416 1976 prima
1450 1899 1640 1959 statim
1684 1896 2016 1957 defectione
2056 1898 2213 1954 inter

274 1978 464 2037 inania
507 1978 652 2034 belli
683 1976 769 2057 (l)
794 1976 1141 2052 adsumptus.
1229 1978 1535 2049 Ceterum,
1579 1985 1644 2036 ut
1676 1977 2072 2052 largitionibus
2115 1976 2209 2032 ad—

277 2057 451 2116 fectae
485 2058 611 2132 jam
661 2055 908 2130 hperii
945 2072 1091 2129 opes
1130 2056 1489 2126 sufficerent,
1539 2064 1555 2090 ‘
1581 2056 1864 2130 amputari
1916 2057 2211 2130 legionum

282 2145 299 2171 ‘
334 2137 799 2209 auxiliorumque
843 2133 1139 2190 numeros'
1179 2133 1371 2208 jubet,
1410 2135 1606 2193 vetitis
1653 2135 2111 2209 supplementis:
2158 2140 2220 2190 et

277 2214 640 2296 promiscuae
667 2212 970 2270 missiones
999 2211 1400 2272 offerebantur
1425 2237 1439 2272 :
1486 2213 1780 2272 exitiabile
1825 2213 1883 2271 id
1904 2212 2212 2290 Reipubli-

278 2293 703 2369 cae,ingratum
721 2291 928 2351 militi.
950 2292 1048 2351 cui
1078 2291 1281 2351 eadem
1310 2294 1500 2352 munia
1525 2294 1682 2352 inter
1716 2311 1954 2370 paucoS,
1979 2294 2214 2370 pericu-

273 2377 453 2452 laque
481 2393 547 2431 ac
575 2373 741 2431 labor
782 2372 1367 2453 crebrius'redibant,
1412 2381 1468 2434 et
1495 2375 1655 2434 vires
1696 2374 1837 2433 luxu
1864 2392 2212 2450 conrumpe-

284 2457 517 2531 bantur,
562 2460 768 2512 contra
795 2459 1063 2511 veterem
1094 2453 1478 2530 disciplinam,
1508 2461 1568 2513 et
1613 2455 1870 2513 instituta
1896 2453 2179 2531 majorum
2203 2477 2218 2524 3

286 2534 437 2612 apud
498 2552 645 2612 quos
709 2532 952 2602 virtute,
1001 2550 1171 2609 quam
1223 2535 1493 2609 pecunia,
1557 2553 1655 2593 res
1708 2534 1967 2593 Romana
2005 2533 2215 2592 melius

285 2614 466 2674 stetit.
1397 2656 1406 2662 .

361 2690 546 2750 Lxx.
590 2681 736 2751 Inde
764 2692 1040 2751 Vitellius
1069 2691 1418 2752 Cremonam
1448 2692 1634 2766 flexit,
1658 2702 1739 2765 et,
1788 2701 2049 2773 spectato
2090 2715 2213 2754 mu-

187 2798 193 2805 ·
284 2791 431 2832 nere
468 2771 749 2843 Caecinae,
771 2773 1040 2832 insistere
1066 2772 1555 2834 Bedriacensibus
1583 2776 1823 2853 campiS,
1854 2795 1923 2834 ac
1969 2776 2217 2851 vestigia

286 2851 542 2911 recentis
562 2851 826 2912 victoria:
847 2855 1097 2912 lustrare
1124 2853 1308 2914 oculis
1333 2856 1686 2932 concupivit.
1771 2856 2016 2916 Foedum
2045 2861 2221 2933 atque

287 2938 454 2991 atrox
474 2934 909 3008 spectaculum:
953 2933 1106 2991 intra
1126 2935 1621 3010 quadragesimum
1651 2944 1863 3012 pugnae'
1880 2935 2034 2992 diem
2058 2935 2212 2993 Iace-

283 3031 353 3071 ra
376 3031 653 3088 corpora,
680 3013 873 3071 trunci
900 3019 1079 3081 artus,
1122 3021 1326 3088 putres
1352 3014 1616 3072 virorum
1659 3032 2059 3090 equorumque
2097 3013 2215 3072 for-

282 3110 419 3161 mae,
441 3089 655 3151 infecta
680 3094 813 3151 tabo
841 3093 1354 3168 humus,protritis
1379 3094 1683 3153 arboribus
1713 3113 1778 3152 ac
1808 3091 2064 3169 frugibus
2091 3094 2219 3153 dira
2299 3103 2305 3109 '

283 3172 555 3231 vastitas:
599 3191 712 3232 nec
733 3173 921 3232 minus
948 3171 1258 3233 inhumana
1281 3191 1420 3249 pars
1447 3173 1584 3244 viae,
1613 3172 1730 3253 (m)
1753 3191 1924 3250 quam
1968 3171 2214 3234 Cremo-

349 3418 384 3466 1:
418 3415 983 3483 laterna—externoque
999 3418 1136 3468 bello.
1206 3414 1324 3467 The
1344 3417 1535 3484 foreign
1556 3433 1666 3469 war
1682 3434 1786 3469 was
1802 3418 1931 3468 with
1946 3419 2035 3468 the
2053 3416 2210 3467 Bata-

294 3480 452 3541 vians,
474 3480 634 3530 under
655 3481 868 3541 Civilis:
900 3484 988 3533 the
1009 3483 1265 3542 domestic,
1285 3483 1412 3533 with
1434 3486 1723 3548 Vespasian.
1798 3534 1805 3541 Δ
1946 3518 1957 3524 »

356 3552 377 3598 l
408 3548 483 3597 Et
555 3551 1047 3615 rima—adsumptus.
1117 3549 1312 3598 Drawn
1333 3552 1566 3615 together
1585 3552 1638 3599 in
1659 3554 1747 3600 the
1766 3548 2037 3614 beginning
2057 3545 2116 3595 os
2126 3544 2212 3590 the

290 3614 477 3671 revolt,
514 3628 572 3661 or
593 3612 709 3661 vain
729 3615 932 3677 parade,
947 3620 998 3664 to
1014 3615 1155 3664 swell
1177 3617 1267 3665 the
1287 3632 1438 3679 pomp
1459 3617 1518 3665 of
1529 3633 1561 3666 a
1574 3631 1844 3665 numerous
1866 3624 2025 3670 army.

363 3694 413 3728 m
443 3679 550 3730 Nec
571 3683 737 3731 minus
753 3682 1032 3734 inhumana
1045 3698 1169 3748 pars
1187 3678 1294 3732 vi’oe.
1363 3683 1570 3734 Tacitus
1582 3681 1759 3732 thinks
1780 3679 1822 3728 it
1836 3686 2014 3739 argues
2028 3683 2062 3715 ⁸
2079 3667 2216 3714 '⁷⁸¹²‘

1199 3749 1316 3806 9*
