2459 4075
225 169 350 223 .114
563 147 570 152 ’
839 159 912 220 c.
955 159 1205 219 coaN.
1253 157 1562 218 TAcrrl.
1755 181 1813 220 Α.
1845 166 2172 246 masas·

222 311 338 369 bat.
424 308 521 380 Et,
548 325 680 367 cum
708 307 1056 378 abnuerent,
1094 315 1111 342 ‘
1139 307 1465 384 gladiisne‚’
1488 306 1694 385 inquit,
1725 315 1741 342 ‘
1773 314 1834 365 et
1855 307 1988 385 pilis
2015 328 2133 386 per

143 443 154 450 .
224 399 240 426 ‘
272 390 531 467 fringere
560 407 626 447 ac
655 390 941 448 subruere
970 407 1167 466 muros
1199 389 1333 447 ullae
1375 397 1576 447 manus
1609 395 1848 466 possunt
1874 388 1897 447 ‘2
1980 390 2042 447 Si
2060 409 2160 465 ag-

224 482 240 506 ‘
263 490 467 548 gerem
487 476 743 539 struere,
764 469 814 527 si
842 469 1054 544 pluteis
1074 468 1406 529 cratibusve
1434 470 1663 546 protegi
1690 469 1937 530 necesse
1957 468 2161 541 fuerit,
2222 531 2229 536 ,

226 559 242 586 ‘
272 561 338 613 ut
364 552 567 628 vulgus
593 549 987 628 inprovidum,
1008 550 1167 612 inriti
1187 550 1489 617 stabimus,
1512 550 1877 609 altitudinem
1887 550 2162 621 turrium,

230 641 246 667 ‘
273 640 336 693 et
364 633 555 691 aliena
585 631 936 689 munimenta
976 632 1253 689 mirantes
1276 630 1311 689 ‘3¹
1382 629 1537 701 Quin
1570 634 1758 708 potius
1778 648 1943 687 mora
1975 631 2165 690 noctis

231 721 247 749 ‘
279 713 470 783 unius,
511 711 769 770 advectis
798 712 1100 769 tormentis
1129 709 1551 787 machinisque,
1582 711 1700 771 vim
1738 711 2167 788 victoriamque

230 803 246 829 ‘
274 793 579 853 nobiscum
605 789 846 849 ferimus
869 790 912 849 ‘2’
997 791 1179 850 Simul
1200 790 1347 849 lixas
1385 792 1765 868 calonesque,
1799 810 1932 850 cum
1955 810 2164 852 recen-

228 874 461 934 tissimis
489 872 774 950 equitum,
805 870 1155 931 Bedriacum
1183 870 1375 948 mittit,
1414 873 1635 950 copias,
1675 879 1996 949 ceteraque
2033 873 2166 932 usui

231 955 542 1015 adlaturos.
762 980 765 983 ·
1013 1015 1017 1030 ,
1856 999 1870 1029 s

311 1034 476 1093 XXI.
524 1032 590 1092 Id
631 1049 778 1091 vero
823 1051 982 1109 aegre
1025 1033 1313 1109 tolerante
1342 1033 1549 1104 milite,
1586 1052 1778 1112 prope
1821 1033 2170 1092 seditionem

229 1121 489 1185 ventum,
532 1133 670 1173 cum
696 1115 994 1191 progressi
1030 1114 1260 1191 equites
1307 1116 1416 1172 sub
1443 1113 1571 1194 ipsa
1607 1114 1842 1183 moenia,
1880 1133 2058 1190 vagos
2086 1133 2185 1174 ex.

233 1193 729 1255 Cremonensibus
750 1193 1083 1269 conripiunt
1109 1217 1124 1253 ε
1172 1213 1421 1272 quorum
1441 1194 1656 1252 indicio
1673 1194 1934 1253 noscitur
1958 1217 1972 1252 ε
2019 1201 2036 1228 ‘
2061 1213 2171 1254 sex

234 1283 250 1310 ⁶
281 1273 620 1334 Vitellianas
666 1275 930 1350 legiones
976 1294 1326 1352 omnemque
1373 1276 1721 1345 exercitum,
1771 1275 1872 1352 qui
1898 1274 2169 1335 Hostiliae

235 1362 251 1389 ‘
282 1363 503 1433 egerat,
533 1374 606 1414 eo
628 1356 756 1432 ipso
783 1353 879 1413 die
906 1354 1137 1430 triginta
1162 1355 1344 1412 millia
1369 1373 1640 1430 passuum
1668 1373 1990 1424 emensum,
2008 1373 2167 1414 com-

234 1442 252 1470 ‘
282 1447 453 1513 perta
492 1454 730 1494 suorum
756 1434 944 1504 clade,
991 1435 1052 1492 in
1080 1435 1356 1512 proelium
1402 1436 1627 1512 accingi
1662 1453 1730 1494 ac
1763 1436 1887 1512 jam
1920 1435 2168 1494 adfore)

195 1559 201 1572 .
235 1515 293 1574 Is
322 1521 519 1574 terror
545 1516 869 1573 obstructas
889 1521 1116 1573 mentes
1144 1514 1400 1573 consiliis
1424 1515 1586 1575 ducis
1610 1517 1858 1593 aperuit.
1945 1517 2172 1576 Sistere

232 1596 465 1654 tertiam
492 1592 777 1652 decimam
819 1593 1133 1669 legionem,
1177 1595 1393 1671 inipso
1431 1596 1540 1655 viae
1566 1596 1894 1670 ,Postumiae
1933 1613 2168 1673 aggere,

227 1675 421 1752 jubet,
450 1674 543 1732 cui
580 1673 845 1750 junctaa
869 1675 1023 1732 laevo
1065 1676 1314 1751 septima
1353 1676 1656 1748 Galbiana,
1700 1676 1918 1753 patenti
1962 1696 2169 1755 campo

233 1755 416 1825 stetit,
438 1754 575 1811 dein
601 1754 848 1831 septima
887 1754 1223 1827 Claudiana,
1255 1756 1468 1832 agresti
1495 1754 1648 1816 fossa
1674 1756 1783 1836 (ita
1812 1758 1973 1816 locus
2010 1756 2187 1838 erat)

235 1833 585 1912 praemunita
610 1856 625 1905 3
669 1833 903 1905 dextro,
935 1842 1141 1895 octava
1162 1855 1276 1913 per
1296 1843 1562 1913 apertum
1587 1837 1852 1908 limitem,
1885 1836 2000 1918 (s)
2030 1857 2171 1898 mox

237 1916 431 1985 tertia,
460 1914 662 1973 densis>
687 1915 934 1975 arbustis
972 1914 1330 1993 intersepta:
1377 1915 1475 1975 hic
1504 1917 1822 1995 aquilarum
1849 1918 2168 1993 signorum·
2240 1941 2243 1942 ⁷

240 2013 353 2076 que
376 1994 521 2054 ordo
549 2017 563 2053 z
609 1994 822 2054 milites
851 1996 1013 2056 mixti
1040 2015 1153 2075 per
1174 1997 1469 2067 tenebras,
1486 2004 1551 2056 ut
1566 1996 1687 2057 fors
1709 1999 1919 2058 tulerat
1944 2021 1959 2058 z
2007 1998 2171 2060 Prae-

237 2077 522 2137 turianum
552 2074 651 2156 (g)
682 2076 965 2136 vexillum
1007 2078 1337 2154 proximum
1373 2077 1674 2152 tertianisg
1719 2079 1992 2139 cohortes
2036 2099 2176 2138 aux-

240 2158 474 2216 iliorum
502 2156 875 2230 incornibus3
919 2158 1107 2216 latera
1132 2177 1199 2217 ac
1221 2165 1391 2234 ,terga
1426 2159 1625 2235 equite
1652 2158 2042 2219 circumdata:
2089 2160 2177 2217 Si-

237 2238 313 2296 do
335 2244 505 2314 atque
539 2237 792 2310 Italicus,
816 2239 1018 2310 Suevi,
1056 2257 1189 2297 cum
1230 2237 1477 2298 delectis
1506 2239 1898 2317 popularium,
1927 2239 2174 2317 primori

239 2318 301 2376 in
313 2317 448 2376 :acie
475 2318 876 2377 versabantur.
1099 2336 1104 2339 ⁴

320 2396 515 2456 XXII.
556 2399 632 2456 At
659 2396 1004 2456 Vitellianus
1043 2399 1365 2469 exercituS,
1395 2398 1490 2457 cui
1513 2398 1894 2478 adquiescere
1925 2397 2172 2458 Cremo-

184 2484 193 2490 ’
240 2496 331 2536 nae
356 2484 437 2547 et,
460 2477 806 2553 reciperatis
833 2477 966 2534 cibo
987 2495 1308 2555 somnoque
1334 2479 1582 2550 viribus,
1612 2478 1942 2538 confectum
1973 2481 2172 2555 algore

240 2565 415 2634 atque
436 2555 628 2614 inedia
649 2556 898 2626 hostem,
937 2565 1176 2633 postera
1192 2557 1292 2621 die,
1314 2559 1628 2636 profligare
1657 2579 1739 2618 ac>
1756 2578 2050 2638 proruere
2079 2579 2170 2618 ra-

240 2637 321 2695 tio
350 2637 496 2694 fuit:
542 2632 633 2712 (h)
683 2633 906 2711 indigus
950 2634 1221 2708 rectoris,
1267 2639 1435 2715 inops
1477 2639 1726 2709 consilii,
1774 2641 1947 2697 tertia
1983 2638 2171 2698 ferme

242 2715 427 2774 noctis
455 2714 625 2784 hora,
664 2715 877 2790 paratis
896 2716 1020 2793 jam
1054 2716 1467 2796 dispositisque
1502 2717 1794 2778 Flavianis
1837 2717 2169 2795 inpingitur,

244 2793 527 2852 Ordinem
554 2793 814 2868 agminis,
835 2795 1062 2873 disjecti
1089 2816 1203 2873 per
1227 2798 1381 2857 iram
1395 2818 1460 2857 ac
1493 2801 1790 2869 tenebras,
1820 2798 2170 2861 adseverare

245 2892 361 2932 non
383 2872 559 2932 ausim
587 2895 602 2931 t
650 2893 995 2952 quamquam
1028 2877 1126 2935 alii
1151 2878 1519 2948 tradiderint,
1542 2887 1557 2913 ‘
1591 2886 1853 2957 quartam
1897 2877 2174 2938 Macedo-

246 2962 262 2988 ‘
291 2955 484 3012 nicam
520 2952 729 3013 dextro
771 2973 1006 3016 suorum
1053 2976 1276 3016 cornu:
1324 2958 1615 3035 quintam,
1645 2966 1707 3018 et
1755 2958 2172 3036 quintamdeci-

194 3059 197 3063 ’
248 3041 262 3067 ‘
295 3053 467 3105 mam,
506 3054 636 3093 cum
664 3036 897 3096 vexillis
942 3056 1113 3098 nonae
1159 3039 1556 3116 secundasque
1597 3048 1659 3099 et
1704 3040 2002 3100 vicesimae
2042 3038 2178 3097 Bri·

242 3121 259 3148 ‘
290 3115 645 3175 tannicarum
711 3115 1025 3193 legionum,
1089 3118 1337 3178 mediam
1387 3122 1572 3179 aciem
1598 3142 1612 3193 3
1676 3119 2176 3179 sextadecimanos

244 3202 262 3231 ‘
294 3196 971 3276 duoetvicesimanosque
1002 3206 1063 3259 et
1097 3199 1391 3277 primanos
1419 3201 1636 3279 laevum
1663 3219 1848 3259 cornu
1885 3201 2176 3277 comples-

291 3375 340 3439 s
362 3373 468 3423 Per
482 3379 711 3434 apertum
726 3375 948 3425 limem.
1014 3375 1063 3424 O
1074 3391 1109 3423 n
1130 3392 1163 3426 a
1179 3377 1319 3441 wide
1334 3377 1586 3426 extended
1607 3378 1762 3442 plain.

187 3478 193 3484 .
307 3455 347 3502 g
380 3439 763 3489 Praetorianum.
828 3439 944 3488 The
964 3442 1229 3502 proetorian
1245 3442 1450 3492 soldiers
1472 3443 1530 3494 os
1537 3443 1689 3503 Otho,
1701 3444 1820 3495 who
1835 3442 2027 3506 having
2047 3443 2179 3493 been

244 3502 520 3552 disbanded
559 3502 630 3565 by
652 3501 905 3562 Vitellius,
926 3504 1032 3552 and
1066 3523 1131 3555 on
1151 3509 1263 3558 that
1284 3515 1494 3560 account
1520 3510 1741 3576 enraged
1759 3509 1911 3558 with«,
1924 3508 2050 3566 him,
2070 3509 2175 3557 had

236 3569 414 3631 joined
428 3569 516 3617 the
536 3574 687 3631 party
708 3568 766 3617 of
778 3568 1065 3633 Vespasian.
1197 3625 1199 3627 ‚

310 3634 819 3754 haetguih-raeiosuit.
887 3634 1078 3687 Whose
1098 3637 1210 3690 best
1228 3655 1406 3693 course
1427 3655 1549 3702 was,
1568 3641 1667 3691 viz.
1682 3645 1741 3691 to
1761 3645 1866 3691 rest
1882 3644 1939 3690 at
1948 3637 2176 3690 cremo-
