2459 4075
283 172 393 229 iss
880 166 954 228 o.
999 166 1246 229 coms.
1294 130 1602 228 TA'cm.
1793 185 2024 257 nac.
2070 175 2208 233 sss.

274 316 623 387 horrebant,
664 322 1085 393 procurrentes
1125 335 1201 374 ex
1229 316 1382 393 agris
1417 315 1707 394 tectisque
1735 322 1796 375 et
1835 293 2093 395 undique
2122 318 2207 378 ef-

270 395 383 458 fusi
411 398 643 457 insolito
678 398 1014 474 spectaculo
1043 396 1282 456 nimium
1324 395 1684 457 fruebantur.
1768 387 1906 455 Non
1942 398 2074 457 tulit
2112 401 2203 457 ala

270 475 577 538 Picentina
608 475 690 556 (t)
714 476 978 552 gaudium
1023 475 1348 538 insultantis
1385 476 1581 552 vulgi:
1628 477 1961 553 spretisque
2003 478 2196 538 Sancti

270 558 575 635 promissis
615 563 713 615 aut
752 556 944 626 minis,
987 555 1409 633 Magontiacum
1451 558 1697 615 abeunt:
1742 575 1809 615 ac
1837 556 1988 615 forte
2020 558 2220 637 obvio·

269 636 655 697 interfectore
678 636 948 705 voculae,
997 636 1281 712 Longino,
1328 636 1611 714 conjectis
1639 633 1698 693 in
1727 654 1860 695 eum
1884 637 2041 707 teliz,
2089 638 2200 696 ini—

274 718 415 777 tium
452 717 824 777 exsolvendae
868 718 928 776 in
969 724 1273 793 posterum
1332 719 1524 794 culpas
1567 713 1796 774 fecere.
1882 716 2196 793 Legiones,

270 799 415 857 nihil
444 804 660 856 mutato
680 796 916 866 itinere,
946 802 1082 855 ante
1111 798 1324 856 moenia
1350 796 1762 855 Treverorum
1788 796 2112 858 considunt.

350 878 571 936 LXIII.
617 874 826 935 Civilis
870 882 931 935 et
967 875 1285 946 Classicus,
1321 878 1498 935 rebus
1537 871 1810 934 secundis
1843 875 2075 948 sublati,
2109 896 2192 936 ¹an

266 958 555 1017 coloniam
583 957 1069 1033 Agrippinensem
1105 956 1488 1033 diripiendam
1530 955 1892 1016 exercitibus
1910 957 2028 1015 suis
2055 975 2191 1034 per-

264 1038 585 1107 mitterent,
613 1036 976 1095 dubitavere.
1061 1036 1296 1096 Saevitia
1335 1034 1547 1112 ingenii
1573 1042 1630 1094 et
1668 1034 1944 1112 cupidine
1972 1036 2192 1113 praedae

268 1118 337 1176 ad
372 1117 664 1176 excidium
696 1115 947 1182 civitatis
965 1115 1412 1181 trahebantur:
1458 1116 1718 1174 obstabat
1755 1115 1900 1173 ratio
1936 1116 2103 1186 belli,
2132 1123 2194 1174 et

268 1216 484 1258 novum
512 1198 831 1274 Imperium
859 1194 1262 1268 inchoantibus
1284 1195 1438 1256 utilis
1474 1196 1803 1254 clementiae
1832 1192 1999 1266 fama.
2086 1195 2185 1253 Ci-

262 1278 445 1337 vilem
488 1276 661 1336 etiam
715 1274 989 1335 beneficii
1035 1277 1318 1336 memoria
1363 1273 1552 1347 flexit,
1591 1272 1748 1352 quod
1794 1272 1978 1333 filium
2035 1274 2185 1352 ejus,

305 1358 452 1415 rimo
482 1374 680 1415 rerum
700 1362 882 1424 motu,
928 1355 988 1413 in
1027 1357 1256 1415 colonia
1295 1354 1707 1433 Agrippinensi
1733 1354 2186 1431 deprehensum,

257 1377 544 1496 honorate
572 1436 980 1494 custodierant.
1067 1434 1183 1494 Sed
1209 1434 1676 1496 Transrhenanis
1702 1433 1966 1509 gentibus
1997 1434 2183 1493 invisa

258 1517 487 1584 civitaS,
532 1515 833 1591 opulentia
860 1520 1168 1590 auctuque.
1256 1516 1465 1593 Neque
1496 1515 1669 1573 alium
1698 1513 1870 1572 finem
1909 1515 2051 1572 belli
2086 1532 2180 1573 re-

255 1593 485 1663 bantur,
535 1611 704 1670 quam
726 1593 773 1651 si
802 1594 1133 1670 promiscua
1159 1614 1230 1652 ea
1256 1594 1434 1653 cedes
1461 1595 1727 1652 omnibus
1754 1593 2064 1653 Germanis
2090 1592 2177 1653 fo-

262 1682 374 1744 ret,
405 1680 523 1742 aut,
547 1673 810 1749 disjecta,
840 1672 1024 1732 Ubios
1052 1693 1286 1751 quoque
1313 1674 1703 1753 dispersisset.

340 1753 571 1830 LXIV„
601 1753 783 1828 Igitur
826 1753 1134 1825 Tencteri,
1165 1755 1375 1817 Rheno
1403 1751 1656 1813 discreta
1679 1759 1845 1831 gens,
1886 1752 2073 1813 missis
2093 1754 2179 1814 le·

257 1834 425 1909 gatiS,
447 1833 707 1892 mandata
726 1832 879 1910 apud
918 1834 1227 1894 concilium
1256 1834 1767 1913 Agrippinensium
1795 1834 1891 1893 edi
1910 1833 2173 1914 jubent:

259 1912 821 2053 ffsssssffrssssffi’ssss,
837 1933 870 1972 ‘³
896 1913 2178 2055 Ligffl.¹¹:2¹30Gss‘sssszffizg't‘3lissuifiissg

258 2081 275 2109 ‘
308 2074 453 2133 Deis
480 2081 541 2134 et
583 2012 894 2151 praeciptii}j
912 2074 1194 2145 Deorum,
1221 2015 1439 2147 (issani,
1465 2083 1657 2152 grates
1679 2040 1894 2152 agimus
1922 2098 1936 2133 ε
1981 2075 2175 2133 vobis-

258 2160 275 2188 ‘
307 2173 424 2232 que
450 2156 820 2231 gratulamur,
865 2156 1020 2233 quod
1059 2155 1291 2216 tandem
1337 2157 1511 2216 liberi
1548 2157 1702 2214 inter
1738 2157 1958 2215 liberos
1986 2154 2170 2214 eritis.

254 2242 270 2268 ‘
300 2234 452 2294 Nam
479 2234 548 2293 ad
570 2235 724 2293 hunc
745 2235 899 2293 diem
920 2233 1154 2295 flumina
1182 2256 1249 2296 ac
1276 2244 1463 2297 terras
1491 2243 1552 2295 et
1570 2237 1784 2296 coelum
1801 2236 2172 2314 quodammo-

254 2321 271 2348 ‘
295 2315 370 2371 do
391 2315 579 2391 ipsum
602 2315 933 2374 clauserant
961 2315 1241 2375 Romani:
1286 2324 1352 2376 ut
1375 2318 1683 2393 conloquia
1709 2333 2173 2395 congressusque

256 2400 277 2429 ‘
298 2402 527 2457 nostros
554 2401 863 2465 arcerent3
906 2394 1029 2464 vel,
1069 2397 1227 2472 quod
1251 2396 1730 2457 contumeliosius
1774 2405 1866 2455 est
1904 2395 2047 2454 viris
2096 2394 2167 2451 ad

254 2480 271 2507 ⁸
296 2493 455 2533 arma
480 2476 645 2543 natis,
682 2475 935 2533 inermes
963 2493 1029 2534 ac
1061 2494 1251 2553 prope
1279 2478 1438 2549 nudi,
1476 2476 1860 2536 subcustode
1890 2482 1951 2536 et
1975 2475 2168 2552 pretio

254 2560 270 2586 ‘
299 2556 610 2614 coiremus.
696 2553 834 2624 Sed,
878 2560 961 2612 ut‘
986 2555 1236 2616 amicitia
1264 2558 1626 2635 societasque
1670 2565 1867 2615 nostra
1910 2556 1969 2613 in
1990 2561 2164 2614 aeter-

251 2640 268 2665 ⁸
299 2654 434 2693 num
460 2640 584 2692 rata
618 2635 712 2704 sit,
743 2635 1099 2711 postulamus
1126 2657 1160 2695 a
1198 2637 1390 2709 vobiS,
1432 2656 1631 2697 muros
1673 2636 1942 2704 coloniae,
1981 2636 2166 2694 muni-

248 2717 265 2745 ‘
290 2719 484 2771 menta
509 2710 756 2783 servitii,
794 2714 1108 2773 detrahatis
1134 2738 1148 2773 t
1196 2714 1400 2797 (etiam
1425 2716 1553 2776 sera
1574 2715 1854 2786 animalia,
1897 2716 1945 2774 si
1971 2715 2166 2774 clausa

246 2799 263 2825 ⁴
292 2798 514 2862 teneas,
562 2791 791 2849 virtutis
817 2793 1303 2875 obliviscunturz)
1349 2795 1636 2856 Romanos
1682 2814 1884 2855 omnes
1930 2795 1988 2853 in
2036 2794 2162 2852 fini-

246 2879 262 2905 ·
286 2871 394 2928 bus
427 2869 640 2928 vestris
659 2870 995 2947 trucidetis3
1042 2873 1196 2933 haud
1225 2873 1394 2935 facile
1422 2878 1661 2939 libertas
1688 2882 1750 2934 et
1774 2875 1990 2934 domini
2026 2874 2161 2933 mis·

240 2953 261 2987 ‘
289 2955 530 3010 centur:
576 2950 725 3007 bona
760 2949 1200 3013 interfectorum
1242 2956 1301 3015 in
1339 2957 1592 3016 medium
1635 2955 1861 3026 cedant,
1905 2974 1979 3013 ne
2034 2953 2160 3029 quis

245 3039 260 3065 ‘
287 3032 560 3092 occulere
599 3030 910 3109 quidquam
952 3040 1048 3091 aut
1083 3052 1395 3113 segregare
1447 3048 1704 3097 caussam
1749 3053 1910 3094 suam
1952 3034 2157 3111 possit.

241 3120 256 3145 ‘
287 3111 488 3173 Liceat
513 3111 679 3171 nobis
707 3112 991 3188 vobisque
1011 3121 1314 3193 utramque
1342 3116 1528 3194 ripam
1549 3117 1774 3186 colere,
1792 3123 1856 3174 ut
1876 3115 2014 3174 olim
2040 3132 2160 3171 ma-

242 3198 259 3224 ‘
279 3190 511 3267 jorihus
552 3191 801 3250 nostris:
865 3194 1152 3269 quomodo
1193 3197 1385 3255 lucem
1439 3195 1710 3272 diemque
1748 3195 2010 3254 omnibus
2054 3194 2161 3253 ho·-

243 3278 260 3303 ‘
289 3268 578 3335 minibus;
619 3272 699 3330 ita
732 3288 933 3329 omnes
969 3279 1156 3332 terras
1195 3275 1441 3335 fortibus
1477 3274 1621 3334 viris
1664 3283 1866 3335 natura
1907 3276 2154 3352 aperuit.

245 3358 261 3382 ‘
293 3348 558 3407 Instituta
592 3351 927 3427 cultumque
954 3353 1204 3428 patrium
1228 3357 1530 3425 resumite,
1563 3355 1822 3431 abruptis
1844 3353 2155 3432 voluptati-

246 3436 261 3462 ‘
293 3428 421 3499 bu5‚
451 3427 655 3504 quibus
684 3428 929 3489 Romani
945 3431 1077 3509 plus
1105 3434 1383 3495 adversus
1419 3435 1733 3512 subjectos,
1762 3454 1933 3513 quam
1960 3434 2156 3505 armis,

312 3626 331 3695 ζ
366 3622 410 3671 Α
431 3618 679 3682 squadron
700 3621 758 3670 os
784 3620 990 3685 cavalry
1008 3623 1173 3673 raised
1208 3626 1280 3689 by
1300 3629 1388 3679 the
1407 3629 1587 3694 people
1624 3628 1685 3679 os
1707 3594 1951 3689 Picentia,
1982 3629 2155 3680 whose

248 3687 502 3748 territory,
516 3686 678 3736 called
698 3687 836 3751 Ager
848 3686 1169 3751 Picentinus,
1202 3692 1291 3755 lay
1305 3709 1369 3742 on
1383 3697 1470 3745 the
1492 3696 1694 3746 Tuscan
1711 3696 1826 3747 Sea.
