2459 4075
264 168 373 228 182
713 184 719 190 ·
833 162 905 222 c.
950 159 1197 222 com«.
1244 158 1551 228 merri,
1766 140 1825 218 i.
1858 178 1917 219 u.
1948 123 2173 220 asses.

188 308 478 386 „templo
538 307 860 379 dicabatur,
914 308 1207 368 evinctum
1266 306 1425 368 vittis
1473 304 1849 384 coronisque.
1931 305 2183 382 ingressi
2293 358 2297 364 .

258 389 492 459 militeS,
519 387 652 466 quis
680 386 863 448 fausta
900 388 1152 457 nomina,
1198 385 1466 445 felicibus
1514 388 1723 444 ramis:
1772 385 1860 466 (e)
1901 385 2040 446 dein
2066 387 2185 446 vir-

221 515 225 522 .
252 469 418 545 gines
439 468 730 538 Vestales,
750 487 883 528 cum
911 468 1117 545 pueris
1133 467 1468 544 puellisque
1488 463 1750 542 patrimis
1767 465 2185 542 matrimisque,

258 568 425 625 aqua,
445 548 597 609 vivis
623 567 659 606 e
703 546 956 610 sontibus
983 546 1363 624 amnibusque
1389 546 1612 617 hausta,
1639 547 1942 623 perluere.
2028 546 2183 605 Tum

254 627 568 690 Helvidius
596 627 854 698 Priscus,
877 626 1126 696 Praetor,
1156 633 1460 703 praeeunte
1487 624 1712 686 Plautio
1751 626 2006 695 AEliano,
2035 624 2185 684 Pon·

257 708 439 778 filice,
465 709 704 769 lustrata
741 707 1225 766 suovetaurilibus
1250 724 1408 775 area,
1450 712 1512 763 et
1533 724 1719 783 super
1743 706 2028 783 cespitem
2054 701 2187 764 red-

257 788 389 848 ditis
427 788 600 859 extis,
638 795 656 822 ⁴
677 786 715 842 J
718 805 914 855 ovem,
939 786 977 842 J
980 805 1255 856 monem,
1282 784 1612 846 Minervam
1632 786 2040 863 praesidesque
2071 785 2183 843 lm·

259 877 273 901 ‘
306 868 458 945 perii
480 868 648 942 ,deos’
678 873 972 943 precatus,
1018 875 1039 901 ‘
1064 865 1146 925 uti
1192 872 1385 942 coepta
1425 873 1868 943 prosperarent,
1896 865 2183 943 sedesque

261 958 275 981 ⁸
302 966 457 1018 suas,
486 948 702 1024 pietate
731 946 1028 1006 hominum
1047 946 1366 1014 inchoatae,
1395 944 1608 1008 Divina
1633 964 1750 1024 ope
1776 946 2123 1006 adtollerent
2142 947 2181 1017 ;’

256 1029 425 1087 vittas
486 1025 617 1104 quis
661 1025 866 1101 ligatus
910 1024 1082 1103 lapis,
1128 1024 1447 1104 innexique
1488 1023 1656 1087 funes
1698 1032 1888 1096 erant,
1929 1025 2185 1102 contigit.

259 1070 448 1166 Simuf
461 1108 649 1168 ceteri
676 1104 1042 1181 Magistratus
1069 1113 1133 1166 et
1167 1106 1515 1165 Sacerdotes
1541 1114 1603 1165 et
1638 1106 1879 1165 Senatus
1902 1113 1963 1166 et
1986 1107 2184 1182 Eques

259 1194 321 1247 et
346 1183 548 1263 magna
586 1204 722 1265 pars
748 1187 971 1264 populi,
1007 1186 1193 1246 studio
1237 1185 1551 1265 laetitiaque
1577 1185 1834 1256 connixi,
1859 1204 2061 1245 saxum
2099 1188 2183 1244 in·

256 1287 403 1344 gens
471 1275 707 1328 traxere
734 1287 748 1323 z
814 1266 1143 1346 passimque
1208 1265 1446 1342 injectae
1509 1265 1893 1327 fundamentis
1962 1265 2183 1341 argenti

262 1349 509 1426 aurique
555 1348 739 1426 stipes
774 1353 840 1418 et
884 1348 1250 1406 metallorum
1294 1345 1589 1423 primitiae,
1636 1346 1808 1405 nullis
1855 1345 2185 1422 fornacibus

260 1429 456 1496 victoe,
474 1426 579 1494 sed
605 1436 667 1500 ut
686 1425 1018 1502 gignuntur.
1034 1447 1057 1496 j
1105 1423 1452 1486 Praedixere
1472 1426 1856 1504 Haruspices,
1884 1427 1974 1485 ne*
2000 1433 2182 1485 teme-

259 1514 494 1566 raretur
517 1519 829 1584 opus-saxo
849 1525 1093 1576 aurove,
1113 1506 1174 1564 in
1193 1505 1349 1563 aliud
1375 1505 1680 1565 destinato.
1761 1506 2017 1566 Altitudo
2043 1505 2184 1566 aedi-

260 1590 371 1650 bus
397 1585 651 1661 adjecta.⁴
674 1583 791 1667 (s)
875 1585 942 1644 1d
957 1585 1143 1646 solum
1165 1585 1372 1660 religio
1399 1585 1682 1658 adnuere,
1709 1593 1772 1645 et
1795 1587 2010 1664 prioris
2035 1594 2183 1646 tem·

257 1666 341 1744 pli
368 1661 807 1741 magnificentiae
828 1664 1084 1725 defuisse
1110 1664 1419 1725 creditum.

338 1744 495 1805 LIV.
539 1746 750 1808 Audita
774 1745 1007 1806 interim
1040 1764 1156 1823 per
1174 1745 1396 1805 Gallias
1416 1745 1873 1825 Germaniasque
1895 1766 2051 1807 mors
2079 1746 2185 1807 Vi·

258 1826 404 1885 tellii
444 1826 843 1902 duplicaverat
867 1827 1104 1886 bellum.
1189 1824 1342 1885 Nam
1369 1825 1599 1897 Civilis,
1629 1829 1842 1886 omissa
1860 1827 2182 1886 dissimula-

257 1907 439 1975 tione,
481 1905 540 1963 in
570 1906 858 1985 Populum
900 1906 1222 1965 Romanum
1267 1923 1462 1964 ruere.
1551 1907 1882 1968 Vitellianas
1924 1907 2188 1982 legiones

258 1987 357 2047 vel
386 1991 695 2046 externum
722 1987 1048 2058 servitium,
1066 2005 1239 2064 quam
1285 1986 1705 2065 Imperatorem
1742 1987 2181 2065 Vespasianum,

256 2068 454 2128 malle.
534 2066 691 2127 Gaui
736 2070 1088 2129 sustulerant
1107 2068 1348 2138 animos,
1369 2067 1616 2127 eandem
1644 2068 1861 2145 ubique
1890 2071 2183 2129 exercitu·

259 2167 356 2207 um
402 2160 733 2209 nostrorum
760 2148 1043 2209 fortunam
1067 2148 1212 2207 rati:
1257 2148 1489 2223 vulgato
1533 2153 1793 2219 rumore,
1815 2156 1833 2185 ⁵
1858 2169 1890 2207 a
1916 2148 2186 2207 Sarmatis

255 2235 272 2263 ‘
300 2228 592 2306 Dacisque
639 2229 883 2290 Moesica
925 2248 991 2289 ac
1043 2226 1373 2287 Pannonica
1412 2227 1664 2286 hiberna
1711 2227 2111 2287 circumsideri
2137 2228 2180 2286 τ’

255 2309 419 2385 paria
443 2309 519 2368 de
544 2306 842 2370 Britannia
880 2308 1263 2383 fingebantur.
1348 2307 1462 2366 Sed
1491 2307 1632 2383 nihil
1669 2328 1861 2385 aeque,
1887 2324 2057 2385 quam
2094 2309 2180 2366 in·

252 2390 526 2449 'cendium
575 2391 855 2465 capitolii,
882 2384 944 2446 ut
969 2385 1144 2449 finem
1197 2387 1455 2463 Imperio
1483 2380 1686 2451 adesse
1714 2388 2044 2457 crederent,
2092 2388 2182 2446 in-

253 2471 508 2545 pulerat.
594 2477 610 2504 ⁶
641 2467 884 2545 Captam
907 2466 1043 2525 olim
1071 2485 1106 2523 a
1124 2466 1317 2527 Gallis
1337 2467 1576 2525 urbem:
1621 2467 1749 2539 sed,
1772 2469 1996 2544 integra
2009 2467 2178 2528 Jovis

255 2558 272 2584 ‘
302 2549 468 2618 sede,
515 2545 1157 2623 mansisse‘lmperium.
1237 2544 1421 2606 Fatali
1464 2559 1617 2605 nunc
1641 2549 1773 2623 igne
1799 2549 2022 2625 signum
2063 2568 2178 2608 cae·

256 2636 272 2663 ‘
302 2628 465 2687 lestis
480 2628 589 2686 irae
604 2627 824 2697 datum,
842 2635 904 2685 et
929 2626 1356 2703 possessionem
1378 2646 1574 2690 rerum
1597 2627 1967 2687 humanarum
1990 2627 2179 2687 Tran-

256 2717 273 2742 ‘
303 2707 539 2783 salpinis
554 2707 821 2782 gentibus
848 2704 1161 2784 portendi,’
1181 2706 1765 2785 superstitioneffvana
1787 2708 2050 2776 Druidae,
2082 2707 2182 2788 (g)

252 2786 557 2859 canebant.
657 2785 1099 2861 incesseratque
1164 2784 1334 2855 sama,
1386 2789 1678 2862 primores
1727 2788 2066 2857 Galliarum,
2106 2789 2179 2849 ab

255 2866 503 2940 Qbone
523 2865 800 2931 adversus
850 2864 1152 2925 Vitellium
1178 2865 1405 2937 missos,
1455 2873 1758 2944 antequam
1797 2866 2180 2944 *digrederen-

251 2953 367 3017 tur,
394 2945 710 3025 pepigisse,
740 2954 761 2981 ‘
781 2962 857 3007 ne
903 2945 1176 3004 deessent
1219 2944 1496 3017 libertati,
1536 2946 1585 3011 si
1633 2946 1921 3023 Populum
1971 2944 2181 3007 Roma-

249 3108 955 3234 massarum,
974 3094 2176 3236 ..¹2533332032313235333332023:

254 3237 350 3286 See
394 3236 592 3295 Cicero,
640 3239 699 3287 de
740 3237 1092 3299 Divinatione,
1150 3235 1288 3285 book
1328 3237 1378 3286 ·i.
1417 3253 1458 3287 s.
1503 3239 1618 3289 102..
1698 3238 1947 3289 Felieibm
2000 3241 2176 3297 ramis,
2201 3246 2216 3261 ⁶

253 3303 498 3351 branches
521 3303 579 3351 of
590 3303 678 3349 the
691 3302 877 3359 laur-el,
897 3300 1050 3361 olive,
1072 3303 1167 3353 &m
1915 3340 1919 3346 .

305 3370 348 3432 s
372 3368 487 3416 The
508 3382 530 3414 s
564 3366 774 3414 lendour
794 3368 893 3415 and
910 3368 1263 3432 magnificencia
1281 3367 1342 3417 os
1351 3369 1439 3417 the
1460 3367 1666 3433 Capitoi
1697 3384 1786 3418 are
1805 3368 2070 3418 described
2093 3369 2166 3432 by

255 3432 513 3489 Plutarch,
580 3430 647 3481 ise
668 3431 726 3480 of
738 3432 988 3495 Agricola.

317 3515 354 3559 g
387 3496 502 3546 The
523 3496 671 3544 order
691 3495 748 3545 of
774 3497 968 3547 Druids
983 3497 1086 3545 had
1103 3496 1236 3545 been
1256 3499 1553 3562 suppressed
1579 3500 1630 3548 in
1653 3500 1795 3549 Gaul
1818 3500 1889 3562 by
1911 3497 2176 3557 Tiberius.

255 3562 417 3630 Pliny,
431 3561 564 3610 book
584 3574 711 3611 xxx.
730 3576 768 3611 s.
789 3566 822 3612 4
839 3580 854 3618 ς
888 3562 986 3610 and
1001 3563 1088 3608 the
1109 3561 1357 3624 Emperor
1377 3563 1627 3615 Claudius
1660 3563 2017 3628 extinguished
2037 3563 2177 3613 their

251 3626 818 3691 religion-Suetonius,
847 3626 899 3674 in
920 3624 1108 3673 Claud.
1116 3640 1170 3700 ρ.
1190 3631 1273 3679 25.
1340 3629 1386 3679 It
1412 3629 1735 3695 is'probable,
1755 3628 2028 3688 therefore,
2061 3631 2179 3680 that

250 3707 285 3740 a
304 3708 418 3745 tace
434 3691 493 3743 os
512 3690 702 3743 Druids
723 3704 828 3741 was
849 3694 957 3739 sent
969 3693 1022 3738 to
1041 3689 1253 3743 Britain.
