2459 4075
272 133 388 191 104
867 127 939 202 c.
988 125 1231 188 coRN.
1276 123 1586 190 TAcl‘rl.
1793 144 1851 179 A.
1880 142 1936 180 u.
1970 143 2023 181 ο.
2051 126 2183 183 822.

262 280 280 311 ⁴
313 275 623 336 Pannoniae
652 273 859 350 Alpes,
897 272 1083 331 donec
1113 294 1146 330 a
1170 281 1336 348 tergo
1367 272 1525 332 vires
1557 270 1845 330 universae
1874 286 2191 345 consurge-

267 362 286 390 ‘
317 363 448 413 rent
475 379 489 428 ;
535 376 604 412 an
632 354 722 412 ire
761 352 1015 412 eominus
1040 360 1098 410 et
1126 360 1359 418 certare
1406 373 1515 428 pro
1545 350 1707 409 Italia
1730 347 2083 406 constantius
2106 347 2193 406 fo-

265 445 281 469 ·'
315 437 450 494 ret.'
536 434 759 502 Quibus
798 434 1061 509 opperiri
1090 434 1299 491 auxilia
1331 439 1391 491 et
1421 433 1657 490 trahere
1691 428 1912 486 bellum
1949 428 2190 486 videba-

266 523 379 590 tur,
409 523 423 547 ‘
450 514 928 572 Germanicarum
968 512 1259 588 legionum
1288 513 1404 571 vim
1427 509 1766 586 fan-‘iamque’
1807 509 2191 580 extollebant,

268 604 283 629 ⁶
316 602 376 653 et
398 594 723 664 advenisse,
753 613 866 652 nox
914 612 1046 650 cum
1077 592 1317 651 Vitellio
1359 592 1676 650 Britannici
1697 588 1990 674 exercitus
2012 590 2189 645 robo-

268 683 282 708 ‘
315 695 414 733 ra:
460 674 600 750 ipsis
625 694 731 732 nec
761 691 1060 731 numerum
1091 674 1292 748 parem
1331 672 1626 748 pulsarum
1647 688 1832 745 nuper
1857 668 2145 742 legionum
2170 690 2188 740 3

265 763 282 788 ⁶
314 763 394 824 et,
418 773 756 831 quamquam
786 752 1061 810 atrociter
1104 753 1504 828 loquerentur,
1537 752 1824 810 minorem
1868 767 1997 806 esse
2040 748 2195 823 apud

268 843 282 868 ‘
309 835 493 893 victos
542 834 809 891 animum.
897 831 1034 900 Sed,
1063 832 1297 891 insessis
1326 834 1558 890 interim
1586 831 1852 907 Alpibus,
1884 834 2194 888 venturum

268 931 282 947 ⁵
310 933 440 972 cum
488 914 672 989 copiis
722 911 980 969 Orientis
1024 912 1372 986 Mucianum.
1459 912 1782 988 Superesse
1832 909 2192 985 Vespasiano

266 1005 280 1050 ἐ
312 1012 494 1061 mare,
524 995 761 1063 classes,
790 992 976 1050 studia
1017 994 1469 1069 provinciarum,
1498 1011 1609 1068 per
1637 1011 1777 1069 quas
1808 992 1969 1048 velut
1995 987 2191 1047 alteri-

213 1083 241 1109 “·
264 1083 279 1106 ‘
306 1093 372 1130 us
395 1073 537 1130 belli
563 1075 777 1130 molem
805 1073 1011 1129 cieret.
1099 1072 1184 1130 Ita
1220 1072 1433 1131 salubri
1461 1091 1623 1142 mora
1663 1090 1843 1129 novas
1883 1070 2038 1128 vires
2087 1068 2187 1125 ad-

264 1162 278 1186 ‘
312 1151 463 1221 fore,
489 1155 548 1210 et
570 1154 951 1229 praesentibus
976 1151 1120 1208 nihil
1140 1153 1505 1228 periturum-⁹
1948 1181 1969 1216 η

265 1231 274 1238 ”
341 1234 418 1289 11.
466 1233 553 1290 Ad
589 1253 657 1291 ea
700 1234 977 1290 Antonius
1008 1231 1231 1291 Primus
1281 1232 1357 1309 (is
1403 1231 1718 1291 acerrimus
1754 1232 1897 1289 belli
1933 1226 2186 1289 concita-

227 1312 381 1390 .tor)
411 1321 425 1347 ‘
457 1312 880 1371 festinationem
917 1314 1055 1388 ipsis
1100 1313 1324 1380 utilem,
1357 1313 1596 1370 Vitellio
1634 1312 1976 1381 exitiosam‚’
2001 1311 2185 1367 disse-

263 1395 414 1451 ruit:
463 1401 478 1426 ‘
511 1395 641 1468 plus
666 1393 973 1458 socordiae,
1005 1411 1173 1465 quam
1213 1392 1461 1465 fiduciae,
1493 1392 1805 1450 accessisse
1828 1391 2181 1450 victoribus:

260 1480 276 1505 ‘
307 1491 501 1546 neque
553 1472 707 1528 euim
747 1471 803 1526 in
850 1471 1150 1545 procinctu
1198 1479 1258 1527 et
1299 1473 1499 1529 castris
1545 1472 1810 1528 habitos:
1857 1490 1968 1548 per
1996 1468 2188 1528 omnia

259 1559 273 1583 ⁶
306 1551 485 1607 Italiae
539 1550 848 1634 municipia
890 1549 1141 1618 desideS‚
1184 1558 1400 1608 tantum
1452 1552 1771 1628 hospitibus
1818 1551 2183 1617 metuendOS,

261 1639 275 1663 ⁶
310 1637 520 1706 quanto
567 1628 816 1686 ferocius
866 1636 996 1686 ante
1031 1649 1095 1688 se
1139 1631 1386 1705 egerint,
1438 1639 1590 1689 tanto
1619 1631 1882 1708 cupidius
1926 1631 2186 1688 insolitas

257 1719 273 1744 ‘
305 1710 625 1783 voluptates
669 1709 945 1767 hausisse.
1033 1709 1211 1768 Circo
1254 1731 1486 1787 quoque
1515 1732 1580 1769 ac
1617 1712 1858 1768 theatris
1904 1718 1963 1768 et
2005 1727 2183 1767 amoe-

257 1798 270 1823 ‘
304 1791 479 1846 nitate
510 1790 668 1846 urbis
707 1790 1016 1860 emollitos,
1047 1798 1138 1848 aut
1167 1790 1591 1848 valetudinibus
1633 1791 1835 1848 feSSOS.
1925 1790 2061 1858 Sed,
2085 1789 2184 1846 ad-

260 1877 274 1901 ‘
301 1868 420 1926 dito
446 1869 651 1944 spati0‚
677 1870 996 1927 rediturum
1026 1877 1085 1926 et
1127 1871 1214 1927 his
1240 1871 1418 1928 robur
1446 1871 1818 1928 meditatione
1845 1871 1985 1928 belli
2010 1893 2023 1928 :
2070 1889 2183 1929 nec

176 1962 179 1964 “
258 1956 274 1982 ‘
304 1949 524 2025 procul
548 1948 939 2017 Germaniam,
969 1950 1121 2006 unde
1144 1951 1303 2007 vires
1332 1973 1345 2007 ε
1392 1950 1744 2008 Britanniam
1767 1950 1917 2007 freto
1948 1949 2178 2009 dirimi:

258 2028 462 2106 ‘juxta
508 2028 724 2087 Gallias
769 2028 1231 2108 Hispaniasque3
1277 2029 1567 2106 utrimque
1617 2032 1798 2101 viros,
1844 2050 2049 2108 equos,
2079 2030 2184 2088 tri-

261 2118 277 2144 ‘
308 2112 482 2168 buta:
528 2110 1083 2187 ipsamque-Italiam
1112 2118 1170 2168 et
1198 2131 1342 2186 opes
1360 2113 1518 2168 urbis
1549 2134 1561 2168 ε
1610 2131 1696 2179 ac,
1720 2113 1766 2168 si
1790 2111 2008 2170 inferre
2028 2130 2186 2169 arma

260 2198 274 2222 ‘
307 2191 462 2248 ultro
506 2190 710 2256 velint,
757 2191 894 2248 duas
943 2193 1178 2260 classeS‚
1238 2211 1599 2267 vacuumque
1649 2192 1950 2267 Illyricum
1998 2210 2178 2249 mare.

252 2276 269 2306 ⁴
300 2271 455 2341 Quid
503 2277 619 2328 turn
674 2271 922 2328 claustra
959 2272 1233 2328 montium
1277 2269 1624 2346 profutura?
1668 2271 1805 2348 quid
1841 2277 2086 2328 tractum
2123 2271 2184 2328 in

254 2357 270 2383 ⁶
304 2359 563 2409 aestatem
598 2351 765 2405 aliam
811 2350 1076 2408 bellum?
1119 2351 1269 2407 unde
1315 2350 1545 2407 interim
1584 2351 1885 2426 pecuniam
1918 2359 1986 2415 ¹et
2022 2370 2178 2408 com-

250 2430 269 2465 ‘
299 2429 556 2488 meatus?
639 2427 792 2497 Quin
840 2429 1029 2504 potius
1060 2444 1131 2485 eo
1177 2430 1302 2505 ipso
1339 2438 1660 2498 uterentur,
1709 2431 1861 2506 quod
1897 2429 2178 2487 Pannoni-

251 2517 266 2541 ‘
299 2528 386 2566 cae
413 2509 694 2582 legionem
725 2507 988 2583 deceptae
1015 2509 1211 2583 magis,
1234 2529 1405 2585 quam
1427 2510 1618 2578 victae,
1651 2529 1958 2585 resurgere
1987 2510 2044 2566 in
2087 2509 2175 2566 ul·

250 2597 266 2622 ‘⁶
296 2589 510 2646 tionem
536 2594 895 2662 properent:
943 2587 1170 2645 Moesici
1200 2590 1492 2646 exercitus
1526 2590 1774 2664 integras
1818 2591 1976 2647 vires
2016 2589 2175 2647 adtu-

249 2676 265 2701 ‘
297 2667 491 2723 lerint.
579 2665 638 2721 Si
668 2685 940 2723 numerus
980 2667 1226 2725 militum
1250 2668 1352 2745 (a)
1381 2670 1593 2743 potina,
1641 2690 1810 2745 quam
1857 2669 2173 2743 legionum,

246 2753 262 2781 ⁶
295 2751 554 2819 putetur,
603 2744 732 2818 plus
761 2744 895 2802 hinc
925 2746 1173 2815 roboris,
1215 2749 1357 2805 nihil
1404 2748 1742 2806 libidinum:
1790 2756 1850 2806 et
1884 2746 2178 2824 profuisse

246 2833 262 2859 ‘
293 2823 614 2898 disciplinae
638 2822 831 2898 ipsum
861 2824 1161 2899 pud-orem.
1247 2827 1487 2903 Equites
1515 2846 1660 2886 vero
1685 2849 1758 2886 ne
1788 2830 1904 2886 tum
1936 2827 2171 2903 quidem

243 2912 259 2938 ⁶
290 2903 517 2973 victos;
562 2902 688 2972 sed,
721 2923 1062 2980 quamquam
1096 2907 1272 2963 rebus
1303 2907 1585 2978 adversiS‚
1612 2909 1911 2984 disjectam
1950 2906 2174 2965 Vitellii

242 2991 259 3018 ‘
291 2983 495 3041 aciem.
582 2981 727 3040 Duae
758 2990 891 3041 tunc
925 2980 1270 3042 Pannonicae
1296 3007 1361 3043 ac
1390 2986 1653 3046 Moesicae
1683 2991 1789 3045 alae
1839 3006 2172 3062 perrupere

241 3069 259 3098 ‘
289 3063 516 3122 hostem
539 3085 551 3120 :
598 3083 749 3121 nunc
778 3063 1036 3122 sedecim
1060 3065 1278 3122 alaruin
1312 3067 1617 3141 conjuncta
1639 3069 1796 3142 signa
1818 3068 1989 3143 pulsu
2017 3067 2173 3124 soni-

241 3149 257 3176 ‘
282 3150 461 3218 tuque
487 3152 547 3202 et
567 3145 720 3202 nube
751 3146 876 3219 ipsa
917 3147 1187 3220 operient
1215 3166 1279 3202 ac
1309 3145 1726 3221 superfundunt
1756 3146 1966 3204 oblitos
2012 3165 2170 3221 proe-

241 3230 256 3254 ‘
288 3223 500 3280 liorum
522 3226 749 3300 equites
794 3243 1117 3300 equosque.
1206 3224 1335 3282 Nisi
1367 3225 1493 3301 quis
1525 3226 1762 3295 retinet,
1794 3225 1949 3282 idem
1973 3245 2179 3283 suasor

236 3307 253 3335 ‘
285 3307 604 3378 auctorque
647 3302 879 3360 consilii
929 3321 1054 3361 ero,
1142 3304 1286 3373 Vos,
1329 3306 1534 3383 quibus
1567 3303 1905 3362 fortunam
1945 3306 2174 3381 integro

305 3474 338 3506 a
367 3459 435 3506 >Si
455 3472 688 3506 nanterus
713 3458 948 3517 militum,
974 3467 1055 3508 etc.
1127 3461 1241 3510 The
1271 3462 1384 3509 idea
1413 3463 1470 3519 is,
1494 3463 1604 3510 that
1624 3465 1711 3511 the
1734 3462 1938 3512 soldiers
1961 3465 2020 3511 of
2048 3463 2171 3510 Ves-

234 3525 407 3637 plasian
420 3536 556 3568 were
588 3536 726 3568 more
757 3535 1024 3571 numerous
1063 3526 1182 3573 than
1202 3528 1342 3575 those
1378 3530 1434 3576 os
1460 3526 1710 3578 Vitellius.
1781 3531 1878 3577 For
1916 3527 2164 3588 although

282 3587 468 3637 itellius
485 3586 587 3633 had
621 3587 706 3632 the
729 3589 929 3647 greater
950 3591 1167 3638 number
1190 3592 1247 3638 of
1273 3594 1477 3657 legions„
1497 3593 1599 3642 still
1615 3595 1701 3644 the
1718 3595 1923 3659 legions
1945 3592 2046 3641 had
2077 3594 2168 3639 not

232 3654 365 3704 their
385 3653 481 3702 full
502 3655 658 3713 quota
679 3650 734 3700 os
750 3656 933 3714 troops.
