2459 4075
253 179 331 233 84
365 232 374 258 ,ί
832 171 905 231 C.
950 171 1200 231 CORN.
1247 171 1556 233 TACITI.
1785 194 1842 233 A.
1870 193 1929 234 υ.
1956 194 2012 235 c.
2039 180 2179 236 822.

244 319 584 389 insectatur,
611 316 956 393 legionarius
986 331 1048 378 ut
1090 319 1381 395 hospitem
1409 325 1630 389 tuetur,
1657 318 1743 379 sui
1780 319 1992 398 cuique
2023 339 2181 381 com·

240 399 528 457 militones
550 398 860 474 adgregati,
882 419 915 457 a
939 398 1217 458 conviciis
1246 399 1317 456 ad
1337 397 1562 457 caedem
1586 400 1906 459 transiere:
1940 407 1999 459 et
2021 420 2182 477 proe-

239 480 379 538 lium
408 484 574 537 atrox
602 480 937 549 exarsisset,
972 476 1201 540 ni'duae
1233 478 1538 538 Praetoriae
1574 479 1875 550 cohortes,
1917 499 2180 539 caussam

286 558 875 617 uartadecimanorum
902 567 1143 629 secutas,
1181 559 1274 618 his
1311 557 1577 617 fiduciam
1606 567 1668 617 et
1699 566 1917 620 metum
1943 559 2180 620 Batavis

269 641 555 697 ecissent:
604 644 619 671 ‘
642 639 806 715 quos'
854 638 1121 698 Vitellius
1150 639 1392 714 ‘agmini
1417 639 1740 714 snojungi‚'
1772 647 1836 698 ut
1857 639 2022 709 fidos,
2053 641 2176 698 ‘le·
2256 674 2264 680 ·

245 727 261 753 ‘
285 718 538 794 gionem,
581 716 774 775 Graiis
815 718 1066 796 Alpibus
1095 718 1434 788 traductam,
1488 735 1561 776 eo
1608 717 1768 777 flexu
1794 718 2017 778 itineris
2060 719 2177 778 ire'

231 800 425 875 jubet,
470 805 486 830 ⁶
508 816 625 874 quo
660 796 947 857 Viennam
976 798 1283 858 vitarent?
1328 816 1572 873 namque
1603 805 1663 858 et
1698 799 2070 858 Viennenses
2105 800 2176 860 ti-

244 879 565 954 mebantur.
652 875 865 948 Nocte,
890 899 1001 956 qua
1021 878 1506 955 proficiscebatur
1524 879 1699 954 legio,
1722 880 1944 937 relictis
1966 878 2183 955 passim

242 958 491 1033 ignibus,
520 974 654 1033 pars
700 957 983 1018 Taurinae
1023 957 1286 1017 Coloniae
1332 958 1628 1016 ambusta:
1687 959 1841 1034 quod
1887 958 2179 1027 damnum,

246 1047 307 1096 ut
333 1038 615 1113 pleraque
642 1038 782 1095 belli
824 1041 991 1108 mala,
1026 1038 1339 1116 majoribus
1370 1038 1613 1095 aliarum
1657 1038 1887 1096 urbium
1919 1038 2181 1095 cladibus

248 1117 665 1175 oblitteratum.
746 1117 1248 1189 quartadecimani
1293 1123 1595 1194 postquam
1639 1117 1881 1193 Alpibus
1917 1116 2182 1193 degressi

242 1205 395 1267 sunt,
424 1195 891 1257 seditiosissimus
930 1197 1173 1275 quisque
1201 1199 1361 1274 signa
1388 1197 1673 1256 Viennam
1694 1196 1961 1258 serebant
1984 1219 1998 1255 :
2039 1215 2179 1256 con·

245 1296 418 1336 sensu
440 1277 747 1336 meliorum
765 1279 1087 1355 compressi
1109 1285 1169 1336 et
1195 1278 1348 1353 legio
1371 1278 1431 1335 in
1458 1276 1811 1335 Britanniam
1828 1283 2180 1335 transvecta.

326 1356 572 1415 LXVII.
620 1357 924 1417 Proximus
966 1356 1206 1416 Vitellio
1237 1377 1272 1414 e
1302 1356 1599 1416 Praetoriis
1628 1358 1963 1416 cohortibus
1990 1362 2182 1414 metus

247 1444 408 1495 erat:
456 1437 709 1512 separati
752 1438 1023 1512 primum,
1066 1436 1304 1507 deinde,
1347 1438 1553 1496 additae
1597 1439 1860 1496 honestae
1894 1434 2184 1494 missionis

246 1516 587 1584 lenimentO,
618 1535 775 1573 arma
813 1516 886 1574 ad
926 1516 1227 1575 Tribunos
1255 1537 1387 1577 suos
1415 1516 1795 1577 deserebant:
1840 1515 2025 1575 donec
2053 1533 2179 1572 mo-

246 1603 364 1654 tum
388 1615 420 1653 a
446 1594 805 1671 Vespasiano
835 1596 1056 1655 bellum
1081 1598 1533 1656 crebresceret:
1580 1603 1723 1667 tum,
1752 1600 2049 1671 resumpta
2077 1593 2183 1652 mi-

245 1677 387 1745 litia,
407 1676 589 1733 robur
618 1674 1026 1735 Flavianarum
1046 1678 1300 1754 partium
1316 1676 1507 1735 suere.
1595 1676 1792 1734 Prima
1808 1674 2189 1734 classicorum

245 1753 400 1828 legiO
429 1752 486 1809 in
516 1754 855 1824 Hispaniam
875 1756 1069 1832 missa,
1092 1765 1154 1816 ut
1169 1777 1317 1834 pace
1341 1765 1401 1816 et
1417 1757 1539 1816 otio
1561 1757 1934 1815 mitesceret:
1983 1753 2183 1815 Unde-

248 1835 398 1891 cima
423 1850 487 1888 ac
507 1830 756 1905 septima
774 1829 890 1889 suis
912 1831 1174 1889 hibernis
1194 1837 1473 1906 redditffig
1523 1835 2012 1895 Tertjadecimani
2033 1840 2183 1894 stm-

252 1930 361 1970 ere
406 1910 832 1986 amphitheatra
874 1910 1061 1986 jussi:
1122 1929 1255 1970 nam
1300 1907 1540 1969 Caecina
1578 1916 1918 1984 <21:221an
1963 1913 2186 1974 Valens

251 1991 554 2062 Bononiae,
588 1991 982 2068 spectaculum
1022 1989 1400 2066 gladiatorum
1435 1990 1619 2049 edere
1656 1984 1976 2068 parabant:
2018 2012 2184 2052 num-

252 2093 431 2153 quam*
453 2074 530 2132 ita
556 2071 627 2130 ad
653 2090 820 2132 curas
850 2072 1070 2131 intento
1092 2070 1357 2143 Vitellio,
1396 2078 1461 2141 ut
1487 2072 1848 2149 voluptatum
1873 2069 2186 2129 oblivisce·

225 2198 232 2203 -
257 2161 439 2213 retur.

333 2232 610 2292 LXVIII.
658 2231 734 2293 Et
756 2231 990 2312 quidem
1012 2238 1207 2309 partes
1237 2230 1317 2312 (i)
1350 2232 1610 2291 modeste
1628 2230 2007 2289 distraxerat:
2041 2228 2191 2306 apud

254 2315 511 2374 victores
540 2325 669 2376 orta
709 2313 940 2382 seditio,
975 2312 1200 2371 ludicro
1227 2313 1415 2383 initio,
1442 2312 1552 2371 nisi
1588 2328 1865 2369 numerus
1902 2327 2193 2369 caesorum

251 2395 526 2453 invidiam
558 2394 715 2454 bello
754 2393 1024 2452 auxisset.
1113 2391 1504 2451 Discubuerat
1530 2389 1803 2449 Vitellius
1835 2388 2053 2461 Ticini,
2091 2388 2189 2451 ad·

253 2475 437 2533 hibito
460 2473 530 2531 ad
558 2475 757 2550 epulas
786 2470 1085 2546 Verginio.
1172 2472 1375 2548 Legati
1400 2470 1797 2547 Tribunique‚
1826 2488 1902 2528 ex
1927 2468 2190 2529 moribus

257 2555 703 2630 Imperatorum,
726 2551 1102 2611 severitatem
1140 2554 1505 2622 aemulantur,
1534 2551 1633 2610 vel
1661 2549 2024 2626 tempestivis
2051 2566 2192 2608 con·

254 2634 424 2693 viviis
471 2632 755 2707 gaudent:
821 2631 1067 2708 perinde
1114 2632 1283 2690 miles
1324 2633 1596 2700 intentuS,
1635 2637 1730 2688 aut
1769 2630 2021 2689 licenter
2054 2628 2189 2702 agit.

257 2711 429 2786 Apud
458 2710 765 2772 Vitellium
794 2711 983 2770 omnia
1020 2710 1382 2803 indisposita,
1409 2712 1748 2780 temulenta,
1776 2708 2097 2787 pervigiliis
2126 2726 2194 2765 ac

258 2790 737 2863 Bacchanalibus,
781 2791 876 2871 (j)
922 2810 1090 2869 quam
1137 2792 1461 2869 disciplinae
1506 2798 1568 2849 et
1615 2789 1841 2858 castris,
1890 2788 2192 2865 propiora.

260 2871 439 2947 Igitur
471 2870 690 2931 duobus
719 2871 1013 2940 militibus,
1037 2872 1221 2930 altero
1249 2871 1493 2949 legionis
1523 2871 1760 2948 quintae,
1785 2870 1970 2927 altero
1993 2886 2027 2925 e
2048 2867 2192 2924 Gal-

256 2951 328 3011 lis
356 2951 752 3022 auxiliaribus,
781 2972 891 3028 per
910 2953 1227 3022 lasciviam,
1258 2951 1328 3010 ad
1364 2958 1662 3012 certamen
1701 2947 1955 3008 luctandi
1984 2965 2194 3006 accen·

258 3030 358 3101 sis,
387 3039 690 3110 postquam
739 3031 1089 3108 legionarius
1137 3033 1490 3109 prociderat,
1534 3031 1844 3088 insultante
1893 3027 2093 3096 Gallo,
2134 3033 2196 3084 et

259 3110 351 3181 iis,
381 3112 479 3190 qui
501 3114 572 3171 ad
608 3112 984 3190 spectandum
1011 3118 1430 3180 convenerant,
1459 3111 1516 3168 in
1553 3109 1739 3168 studia
1762 3106 2030 3176 diductis,
2061 3124 2193 3165 eru·

330 3291 352 3338 i
386 3288 587 3351 Partes,
611 3292 700 3338 the
719 3292 874 3340 forces
894 3288 1064 3336 which
1083 3289 1186 3337 had
1201 3286 1449 3338 savoured
1469 3285 1621 3334 Otho.

316 3355 350 3418 j
385 3353 501 3402 The
519 3353 886 3414 Bacchanalia,
911 3368 967 3401 or
999 3354 1172 3401 sacred
1213 3355 1334 3402 rites
1370 3352 1427 3400 os
1461 3349 1691 3399 Bacchus
1726 3360 1865 3394 were
1903 3344 2196 3397 celebrated

269 3433 425 3480 every
445 3419 582 3466 third
598 3434 721 3480 year
741 3420 794 3466 in
815 3420 902 3465 the
921 3417 1065 3480 night
1080 3419 1219 3477 time,
1256 3419 1407 3467 when
1427 3417 1514 3464 the
1536 3419 1663 3463 most
1683 3411 1934 3462 shamesul
1972 3426 2199 3460 excesses

267 3498 404 3531 were
443 3484 749 3532 committed.
818 3484 1107 3546 Pervigiliae
1141 3499 1280 3532 were
1313 3482 1508 3546 nightly
1530 3478 1815 3528 assemblies
1850 3477 1909 3527 of
1929 3477 2017 3526 the
2058 3491 2197 3523 sume

265 3554 445 3598 nature
461 3550 512 3595 in
535 3550 729 3596 honour
751 3548 808 3597 of
834 3562 967 3595 some
1003 3549 1116 3611 god.
1186 3547 1394 3597 Tacitus
1429 3561 1597 3594 means
1628 3546 1740 3593 that
1771 3545 1859 3593 the
1896 3540 2099 3613 soldier?
2149 3539 2209 3588 os

267 3613 502 3664 Vitellius
545 3614 744 3663 seemed
773 3614 943 3663 rather
965 3629 996 3663 u
1017 3614 1385 3668 Baeohzmaliau
1416 3611 1664 3674 assembly
1686 3611 1809 3663 than
1829 3625 1862 3664 a,
1901 3604 2196 3669 &sciphum

268 3695 424 3741 army.
