2459 4075
282 181 395 239 178
857 177 930 238 o.
975 179 1226 240 CORN.
1274 159 1589 239 merri.»
1804 201 1860 240 A.
1888 201 1949 240 u.
1974 158 2034 240 ἐ.
2058 183 2190 238 823.
2413 0 2449 264 i

274 330 479 405 plebes
531 324 827 385 modestiae
891 326 1323 385 admoneretur.
1412 325 1623 384 Iisdem
1664 325 1871 385 diebus
1907 328 2188 388 Antonius

270 413 527 470 Flamma
554 405 988 484 Cyrenensibus
1025 403 1323 466 damnatur
1356 405 1454 485 (v)
1475 407 1607 481 lege
1635 407 2115 483 repetundarum,
2130 415 2189 467 et
2225 462 2232 472 ,

270 490 477 550 exsilio
507 486 884 545 obsaevitiam.
930 487 1089 545 Inter
1106 487 1234 562 quae
1254 487 1510 558 militaris
1527 486 1735 550 seditio
1752 487 2182 568 propeexarsit.

354 568 568 640 XLVI.
616 567 1030 624 Praetorianam
1068 563 1324 624 militiam
1357 568 1704 643 repetebant
1740 587 1772 625 a
1815 565 2062 625 Vitellio
2096 567 2184 625 di-

269 651 450 718 missi,
489 661 599 724 pro
638 646 995 722 Vespasiano
1029 645 1402 721 congregati:
1463 654 1524 705 et
1551 646 1802 706 inlectus
1843 648 1901 704 in‘
1944 648 2186 706 eandem

270 750 458 802 spem,
482 747 516 785 e
543 726 868 801 legionibus
914 723 1398 802 mileswprorniss'a
1432 726 1717 803 sti-pendia
1743 727 2027 801 flagitabat
2052 750 2086 785 :=
2112 745 2186 784 ne

269 808 566 869 Vitelliani
603 804 835 882 quidem
873 805 998 863 sine
1042 806 1220 864 multa
1256 807 1420 880 caede
1443 806 1584 884 pelli
1624 814 1929 882 poterant3
1972 807 2077 864 sed
2102 807 2185 863 in·

271 896 471 951 mensa
496 885 747 962 pecunia
772 885 1095 953 dicebatur,
1127 903 1240 962 qua
1266 894 1417 954 tanta
1444 887 1531 944 vis
1560 887 1854 958 hominum
1891 886 2190 945 retinenda

271 976 417 1030 erat.
488 966 803 1039 ‘Ingressus
825 973 1012 1023 castra
1039 965 1364 1040 Mucianus,
1383 986 1500 1043 quo
1523 967 1741 1036 „rectius
1763 963 2052 1042 stipendia
2076 966 2186 1024 sin-

269 1051 532 1125 gulorum
569 1052 883 1121 spectaret,
926 1045 1046 1103 suis
1087 1063 1223 1104 cum
1246 1043 1559 1120 insignibus
1602 1047 1892 1121 armisque
1936 1047 2189 1104 victores

269 1127 583 1193 constituit,
628 1124 868 1182 modicis
896 1123 1050 1183 inter
1076 1145 1140 1182 se
1182 1128 1379 1201 spatiis
1416 1125 1719 1200 discretos,
1807 1125 1961 1183 Tum
2005 1126 2188 1183 Vitel-

254 1208 426 1280 liani,
457 1224 598 1282 quos
626 1204 778 1280 apud
804 1204 1061 1262 Bovillas
1092 1205 1151 1261 in
1192 1204 1547 1263 deditionem
1588 1213 1860 1281 acceptos
1904 1203 2188 1263 memora-

269 1290 480 1355 vimuS,
510 1283 812 1359 ceterique
834 1302 946 1359 per
966 1286 1172 1342 urbem
1192 1291 1256 1341 et
1284 1284 1412 1342 urbi
1440 1285 1630 1344 vicina
1650 1287 1957 1361 conquisiti
1975 1285 2189 1362 produ-

271 1376 480 1428 cuntur
522 1383 711 1440 prope
761 1365 977 1420 intecto
1017 1381 1293 1439 corpore.
1380 1371 1396 1397 ‘
1428 1363 1565 1422 Eos'
1589 1364 1900 1440 Mucianus
1931 1374 1947 1399 ‘
1977 1364 2191 1434 diduci,

275 1457 291 1486 ⁶
324 1456 384 1504 et
410 1441 817 1501 Germanicum
845 1443 1358 1520 Britannicumque
1376 1444 1640 1515 militem,
1668 1465 1733 1503 ac
1752 1445 1920 1521 siqui
1948 1445 2194 1503 aliorum

276 1536 292 1562 ‘
319 1524 705 1590 exercituum,
749 1522 1056 1596 separatim
1116 1522 1442 1592 adsistere?
1479 1524 1671 1600 jubet.
1785 1525 1928 1582 Illos
1968 1527 2193 1601 primus

272 1606 461 1664 statim
510 1600 813 1675 adspectus
857 1601 1360 1677 obstupefecerat:
1422 1622 1562 1661 curn
1612 1624 1688 1662 ex
1733 1605 1971 1670 diverso
2028 1607 2193 1663 velut

274 1685 497 1751 aciem„
509 1680 640 1737 telis
671 1687 730 1736 et
751 1681 921 1737 armis
940 1688 1188 1751 trucem,
1217 1689 1418 1741 semet'
1442 1684 1666 1742 clausos
1701 1685 1997 1760 nudosque
2019 1697 2080 1743 et
2105 1684 2192 1743 in-

271 1765 429 1823 luvie
466 1759 780 1829 deformes,
814 1759 1202 1835 adspicerent.
1305 1761 1386 1820 Ut
1426 1783 1573 1824 vero
1613 1765 1729 1822 huc
1769 1765 1917 1822 illuc
1949 1766 2190 1826 distrahi

272 1851 537 1919 coepere,
572 1848 754 1900 metus
792 1837 906 1916 p'er
942 1860 1141 1900 omnes
1185 1847 1246 1899 et
1269 1844 1583 1919 (praecipua
1624 1844 1958 1904 Germanici
1998 1845 2192 1903 militis

270 1919 854 1996 formid0,‘tamquam
885 1940 952 1979 ea
978 1925 1347 1996 separatione
1377 1924 1445 1979 ad
1474 1924 1698 1984 caedem
1718 1924 2149 1983 destinarentur
2170 1948 2192 1983 τ

269 1997 553 2082 prensare
604 2000 1178 2076 commanipularium·
1235 2010 1509 2079 pectora‚·
1558 2003 1887 2073 cervicibus
1954 2003 2194 2073 innecti,

272 2080 545 2161 suprema
573 2082 766 2141 oscula
808 2088 1040 2157 petere,
1072 2090 1096 2117 ⁴
1121 2103 1196 2161 ne
1218 2082 1636 2143 desererentur
1662 2084 1792 2155 soli,
1822 2104 1957 2154 neu,
1986 2087 2044 2143 in
2066 2087 2194 2163 pari

273 2173 290 2202 ‘
322 2182 544 2230 caussa,
572 2161 863 2237 disparem
881 2161 1175 2233 fortunam
1198 2170 1544 2243 paterentur
1563 2166 1602 2222 ε’
1645 2165 1815 2222 modo
1844 2164 2196 2238 Mucianum,

269 2244 442 2303 modo
465 2241 762 2300 absentem
800 2241 1157 2318 Principem,
1186 2252 1544 2321 postremum
1566 2244 1775 2311 coelum=
1806 2264 1871 2302 ac
1907 2244 2066 2311 Deos
2093 2247 2198 2304 ob-

271 2323 515 2383 testari:
560 2322 746 2378 donec
785 2321 1108 2397 Mucianus»,
1164 2330 1181 2363 ⁴,
1216 2331 1457 2381 cunctos
1511 2322 1770 2400 ejusdem
1829 2327 2196 2401 sacramenti,
2286 2388 2293 2396 ,

273 2413 292 2441 ‘
317 2404 579 2480 ejusdem
608 2399 982 2475 Imperatoris
1022 2400 1255 2459 milites’
1286 2403 1603 2480 adpellans,
1643 2403 1788 2462 falso
1811 2404 2007 2462 timori
2029 2406 2195 2464 obvi·

273 2503 363 2543 am
402 2485 534 2541 iret.
622 2478 890 2554 Namque
929 2485 989 2535 et
1031 2485 1220 2540 victor-
1276 2483 1574 2542 exercitus
1629 2485 1884 2542 clamore
1926 2485 2196 2544 lacrimas

274 2583 479 2624 eorum
505 2559 761 2635 juvabat.
851 2557 1024 2634 isque
1053 2559 1181 2618 finis
1224 2562 1324 2619 illa
1360 2562 1475 2620 die.
1563 2563 1767 2622 Paucis
1795 2571 1929 2640 post
1962 2565 2194 2635 diebus,

273 2644 681 2716 adloquentem
745 2636 1126 2698 Domitianum
1180 2641 1387 2701 firmati
1434 2641 1557 2718 jam
1606 2660 1925 2719 excepere.
2013 2647 2193 2721 Sper·

271 2730 411 2781 nunt
439 2719 660 2775 oblatos
699 2734 900 2789 agros:
946 2724 965 2751 ‘⁶
990 2718 1245 2777 militiam
1266 2729 1324 2779 et
1360 2722 1665 2798 stipendia’
1691 2732 1873 2783 orant.
1907 2730 1910 2733 ’
1972 2724 2202 2785 Preces

222 2842 241 2849 .,
274 2807 461 2868 erant,
489 2794 599 2853 sed·
629 2795 831 2871 quibus
859 2782 1172 2871 contradici
1203 2819 1317 2858 non
1339 2810 1567 2878 posset:
1611 2803 1790 2878 igitur
1815 2805 1872 2860 in
1916 2802 2195 2863 Praetori·-

272 2900 371 2940 um
396 2877 640 2951 accepti.
732 2875 903 2946 Dein,
954 2877 1153 2953 quibus
1183 2887 1321 2938 aetas
1350 2888 1410 2938 et
1438 2882 1597 2958 justa
1622 2880 1928 2959 stipendia,
1969 2885 2199 2943 dimissi

276 2980 409 3035 curn
442 2960 689 3026 honore,
729 2955 821 3012 alii
851 2959 925 3014 ob
968 2957 1229 3033 culpam3
1275 2960 1376 3018 sed
1405 2963 1651 3038 carptim
1688 2983 1753 3020 ac
1781 2964 1988 3038 singuli
2017 2987 2029 3022 :
2079 2980 2201 3041 quo

274 3041 559 3105 tutissimo
588 3035 848 3094 remedio
877 3044 1190 3113 consensus
1222 3042 1597 3103 multitudinis
1625 3050 2002 3101 extenuatur.>
2048 3052 2052 3056 ’

354 3120 603 3179 XLVII.
632 3117 929 3176 'Ceterum
955 3130 1173 3178 verane
1206 3121 1513 3197 pauperie,
1542 3123 1719 3181 awuti
1746 3123 2068 3193 videretur,
2098 3144 2198 3182 ac-

279 3211 398 3262 tum
427 3202 484 3257 in
513 3201 746 3266 Senatu,
777 3207 793 3230 ⁶
824 3201 1591 3259 utsexcentiessestertium
1620 3200 1726 3281 (w)
1747 3223 1780 3261 a
1799 3202 2039 3278 privatis
2067 3223 2200 3262 mu-

278 3292 301 3320 ‘
330 3288 486 3347 tuum
516 3279 945 3353 acciperetur)
1047 3278 1521 3356 Prae'positusque
1577 3282 1635 3339 ei
1688 3302 1845 3342 curae
1903 3281 2203 3360 Poppaeus

282 3364 587 3429 Silvanus:
632 3376 742 3414 nec
772 3359 954 3417 multo
997 3368 1129 3435 post
1169 3361 1481 3419 necessitas
1509 3361 1666 3432 abiit,
1694 3363 1821 3422 sive
1867 3361 2080 3421 omissa
2117 3363 2204 3422 si-

369 3589 397 3622 „
434 3546 803 3637 Cyrenensibus
822 3565 1101 3642 damnatus.
1171 3571 1338 3619 Those
1360 3586 1450 3619 are
1484 3572 1590 3619 said
1623 3576 1677 3620 to
1696 3573 1940 3623 condemn
1953 3573 2061 3644 {the
2103 3577 2204 3626 de-

288 3637 510 3699 fendant,
530 3629 647 3674 who
669 3628 814 3690 bring·
835 3629 988 3677 about
1006 3633 1083 3683 his
1103 3637 1476 3688 condemnation
1495 3636 1567 3699 by
1581 3638 1667 3685 the
1675 3638 1874 3702 judges.
2147 3628 2158 3651 '

350 3714 400 3759 w
434 3696 718 3757 Seoectnties
741 3694 1042 3753 Sestertium.
1112 3701 1209 3749 See
1229 3702 1328 3750 this
1342 3702 1492 3760 book,
1509 3719 1546 3753 s.
1565 3706 1652 3762 42,
1666 3708 1781 3752 note
1801 3705 1900 3782 gq.)
