2459 4075
259 170 527 230 ...c.ei.
733 162 1261 226 His‘roaaua.
1304 160 1711 237 QUARTUS.
1933 179 1937 181 ἡ
2069 168 2208 225 159·

260 315 370 455 διο)
395 335 468 374 ne
497 321 558 373 ut
591 313 743 372 hosti
785 315 1013 371 obviam
1058 313 1270 380 iretur,
1310 311 1359 368 si
1397 331 1428 368 a
1455 310 1681 387 Populo
1715 309 1975 368 Romano
2003 313 2192 386 palam

299 397 622 463 ascivisset,
656 394 996 471 Vespasiani
1024 392 1333 449 amicitiam
1360 391 1722 467 studiumque
1752 392 2000 466 pai-tium
2033 410 2184 466 prae-

260 477 478 535 tendit:
525 474 712 533 missis
749 493 888 532 sane
917 475 987 531 ad
1034 490 1166 531 eum
1196 471 1380 528 Primi
1409 473 1640 528 Antonii
1685 472 1914 540 litteris,
1958 474 2189 544 quibuS,

264 564 279 590 ‘
304 563 601 616 avertere.
631 554 815 612 accita
860 553 1099 611 Vitellio
1131 552 1362 614 ,auxilia
1404 565 1485 620 et,
1533 553 1810 609 tumultus
1850 551 2188 609 Germanici

265 644 281 671 ‘
310 636 536 714 specie,
568 641 863 693 retentare
910 632 1214 708 legiones‚'
1247 631 1586 710 jubebatur.
1670 631 1887 689 Eadem
1919 629 2188 688 Hordeo-

174 729 183 734 ·
263 717 390 774 nius
425 716 671 773 Flaccus
708 731 971 790 praesens
1008 721 1333 782 monuerat,
1370 711 1644 770 inclinato
1680 711 1740 768 in
1778 709 2193 786 Vespasianum

264 798 477 864 animo,
526 802 587 851 et
627 792 997 870 Reipublicae
1034 811 1206 862 cura3
1249 795 1342 853 cni
1386 792 1678 850 excidium
1725 790 2095 860 adventabat,
2141 789 2193 847 si

266 876 716 949 redintegratum
745 872 961 930 bellum
1004 879 1066 930 et
1109 878 1196 930 tot
1221 879 1567 929 armatorum
1619 872 1800 930 millia
1843 869 2068 932 ltaliam
2105 870 2192 929 in·

267 969 334 1013 ru
380 956 577 1012 issent.
1619 982 1623 987 ·

242 1060 247 1066 -
337 975 511 1090 giw.
558 1033 736 1107 Igitur
767 1030 998 1100 Civilis,
1045 1028 1408 1089 desciscendi
1454 1037 1675 1099 certus,
1717 1033 2000 1091 occultato
2041 1030 2190 1090 inte·

269 1112 382 1170 rim
411 1114 615 1170 altiore
644 1111 908 1179 consilio,
956 1117 1156 1169 cetera
1205 1128 1280 1168 ex
1323 1117 1535 1168 eventu
1565 1109 1945 1185 judicaturus,
1975 1129 2194 1170 novare

273 1209 371 1249 res
402 1192 513 1248 hoc
539 1189 712 1248 modo
748 1190 947 1265 coepit.
1028 1188 1229 1247 Jussu‘
1255 1187 1499 1257 Vitellii,
1547 1188 1895 1247 Batavorum
1915 1192 2194 1268 juventus

277 1269 348 1327 ad
368 1270 675 1327 delectum.
691 1271 1007 1330 vocabatur
1029 1290 1043 1340 3
1089 1289 1284 1345 quem,
1322 1277 1525 1352 suapte
1546 1281 1755 1327 natura
1775 1289 2033 1344 gravem,
2061 1287 2199 1344 one-

277 1352 478 1408 rabant
497 1348 739 1407 ministri
768 1349 1003 1406 avaritia
1031 1367 1098 1406 ac
1127 1351 1286 1419 luxu,
1323 1364 1494 1406 senes
1523 1357 1615 1407 aut
1644 1347 1924 1408 invalidos
1960 1349 2197 1426 conqui-
2217 1369 2232 1382 ⁸

278 1430 482 1498 rendo,
511 1446 657 1505 quos
685 1428 879 1505 pretio
924 1430 1320 1487 dimitterent:
1366 1448 1561 1486 rursus
1587 1429 1858 1505 inpubes,
1884 1430 1988 1487 sed
2015 1428 2199 1488 forma

275 1511 571 1585 conspicui
600 1507 691 1585 (et
718 1516 806 1566 est
854 1509 1152 1584 plerisque
1192 1526 1445 1584 procera
1491 1508 1768 1587 pueritia)
1818 1509 1888 1567 ad
1934 1517 2196 1587 stuprum

274 1589 670 1648 trahebantur.
730 1596 742 1609 '
770 1587 923 1646 Hinc
962 1588 1210 1646 invidia:
1278 1594 1339 1647 et
1384 1589 1720 1664 compositae
1758 1583 2056 1649 seditionis
2099 1587 2197 1669 (cr)

275 1677 544 1728 auctores
582 1669 931 1744 perpulere,
953 1676 1015 1725 ut
1059 1667 1356 1726 delectum
1403 1668 1745 1727 abnuerent.
1830 1669 2035 1729 Civilis
2079 1673 2198 1746 pri-

274 1767 472 1807 mores
510 1750 694 1823 gentis
723 1755 782 1805 et
818 1746 1240 1825 promtissimos
1278 1748 1458 1823 vulgi,
1500 1750 1702 1823 specie
1736 1750 2067 1825 epularum,
2104 1746 2197 1828 (y)

274 1846 504 1887 sacrum
534 1830 592 1885 in
633 1846 835 1885 nemus
860 1833 1117 1896 vocatos,
1146 1828 1241 1885 ubi
1263 1835 1436 1885 nocte
1465 1847 1531 1884 ac
1559 1829 1758 1885 laetitia
1781 1829 2086 1887 incaluisse
2112 1830 2200 1888 vi-

272 1908 397 1978 det,
429 1929 461 1965 a
484 1906 653 1964 laude
700 1908 996 1983 gloriaque
1018 1908 1204 1982 gentis
1233 1925 1422 1976 orsus,
1451 1907 1683 1983 injurias
1710 1915 1770 1965 et
1796 1917 1993 1985 raptus
2016 1918 2077 1968 et
2102 1927 2222 1982 cen

274 1994 404 2047 tera
424 1986 651 2047 servitii
693 1988 840 2045 mala
874 1992 1194 2045 enumerat.
1281 1993 1298 2020 ‘
1338 1986 1548 2063 Neque
1576 1986 1732 2046 enim
1758 1989 2120 2059 societatem,
2142 1995 2213 2048 ut·

275 2075 294 2102 ⁴
328 2069 493 2132 olim,
515 2065 619 2124 sed
640 2073 930 2143 tamquam
945 2065 1229 2141 mancipia
1254 2066 1497 2125 haberi:
1542 2067 1766 2140 quando
1797 2068 1890 2146 (z)
1906 2069 2177 2143 Legatum

220 2180 239 2191 —
276 2155 299 2182 ‘
324 2148 496 2223 gravi
525 2145 759 2222 quidem
805 2144 1078 2203 comitatu
1105 2150 1167 2200 et
1215 2145 1476 2218 superbo
1520 2162 1652 2200 cum
1673 2144 1925 2221 imperio
1952 2112 2206 2209 venire}

280 2235 297 2261 ⁶
321 2226 475 2286 tradi
508 2243 573 2282 se
604 2222 905 2283 Praefectis
947 2221 1550 2298 centurionibusque:
1596 2241 1739 2299 quos
1766 2224 1865 2284 ubi
1911 2227 2112 2302 spoliis
2145 2235 2206 2287 et

281 2314 300 2341 ‘
330 2304 611 2380 sanguine
660 2303 1054 2380 expleverint,
1104 2301 1338 2369 mutari,
1385 2301 1734 2379 exquirique
1759 2322 1944 2363 novos
1972 2308 2124 2377 sinus
2147 2318 2212 2367 et

282 2395 299 2421 ⁴
331 2386 501 2445 varia
526 2383 823 2460 praedandi
849 2380 1149 2443 vocabula.
1231 2381 1456 2440 Instare
1489 2383 1803 2453 delectum,
1832 2403 1949 2462 quo
1978 2387 2147 2447 liberi
2176 2405 2212 2446 n

284 2474 300 2500 ‘
330 2464 693 2543 parentibus,
714 2463 924 2523 fratres
953 2482 984 2520 a
1003 2461 1299 2532 fratribus,
1320 2462 1482 2522 velut
1496 2475 1828 2539 supremum
1853 2463 2205 2526 dividantur.

281 2554 299 2580 ⁸
331 2545 649 2622 Nunquam
684 2545 862 2620 magis
890 2541 1173 2600 adflictam
1195 2560 1322 2599 rem
1343 2540 1823 2612 Romanam‚‚nec
1851 2545 2000 2604 aliud
2028 2546 2088 2605 in
2115 2547 2203 2606 hi-

284 2633 301 2659 ‘
332 2625 559 2694 bernis,
581 2642 750 2701 quam
774 2623 1028 2700 praedam
1058 2627 1118 2679 et
1136 2640 1309 2681 senes
1337 2641 1353 2679 ι
1397 2621 1751 2681 adtollerent·
1767 2629 1980 2683 tantum
2007 2627 2213 2687 oculos

282 2712 303 2740 ⁴
335 2712 399 2766 et
424 2705 615 2764 inania
630 2704 921 2781 legionum
945 2701 1177 2764 nomina
1213 2721 1293 2760 ne
1338 2708 1766 2779 pavescerent:
1811 2711 1868 2763 at
1891 2705 2003 2765 sibi
2024 2707 2211 2771 robur

357 2896 403 2930 w
438 2879 562 2929 Oris
576 2876 1007 2931 dehonaeumenio.
1078 2877 1123 2929 lt
1135 2891 1242 2928 was
1256 2875 1346 2927 the
1364 2876 1656 2929 missor-tune
1687 2879 1748 2929 of
1772 2894 1925 2946 many
1938 2881 2000 2930 os
2020 2882 2107 2931 the
2122 2880 2206 2932 οό-

292 2945 529 3003 lebrnted
546 2945 743 2994 ancient
758 2946 985 3008 generals
1005 2945 1180 2993 tolose
1200 2945 1290 2993 the
1309 2960 1399 2995 use
1428 2946 1488 2993 of
1520 2958 1614 2993 one
1646 2945 1703 2993 of
1730 2947 1864 2995 their
1883 2963 2020 3010 eyes.
2085 2948 2208 2997 Plu-

295 3012 440 3060 tarch
465 3025 576 3073 says
596 3012 708 3060 that
725 3010 824 3060 this
842 3025 948 3059 was
977 3010 1066 3058 the
1102 3023 1216 3058 case
1251 3009 1380 3058 with
1401 3009 1587 3072 Philip,
1618 3010 1914 3074 Antigonus,
1949 3012 2207 3064 Hanniba-i
2285 3032 2294 3041 “
2333 3030 2338 3039 ·

293 3077 394 3127 and
417 3075 683 3126 Sertorius.
1360 3123 1363 3127 ,
1836 3115 1844 3121 .

188 3140 213 3189 .“
360 3160 400 3199 2·
436 3141 724 3207 compotum
741 3141 1067 3197 seditionini.
1091 3153 1133 3187 e.
1164 3138 1381 3203 metly
1391 3137 1674 3202 organized.
1740 3138 1868 3190 This
1885 3138 1930 3190 is
1958 3140 2044 3191 the
2064 3142 2210 3193 read-

294 3207 383 3273 ing
403 3208 463 3256 of
475 3209 730 3257 Ernestus.
796 3206 842 3255 lt
859 3205 900 3255 is
920 3203 1200 3266 commonly
1228 3204 1430 3253 written
1449 3209 1715 3269 compositi.

360 3290 398 3336 y
431 3274 547 3321 The
566 3272 860 3321 bar-barinus
882 3270 1145 3320 consultori
1164 3270 1325 3319 about
1353 3270 1441 3319 the
1478 3272 1757 3332 operatium
1776 3270 1834 3321 of
1861 3285 1970 3322 var
2004 3279 2058 3324 nt
2076 3274 2211 3324 their

297 3338 565 3402 arousing
583 3337 820 3397 festivals,
839 3337 938 3386 and
970 3335 1258 3398 frequently
1278 3337 1332 3385 in
1362 3335 1498 3385 their
1529 3337 1701 3387 sacred
1737 3352 1924 3402 groves.
2001 3342 2096 3392 See
2125 3341 2212 3395 the

297 3417 534 3453 manners
548 3404 606 3451 os
612 3403 700 3452 the
721 3402 985 3461 Germana,
1002 3417 1043 3451 s.
1060 3405 1110 3460 9,
1141 3401 1240 3451 and
1256 3406 1330 3452 22
1406 3401 1606 3453 Brofier
1630 3403 1798 3454 thinks
1832 3405 1945 3455 that
1956 3406 2044 3456 the
2063 3407 2212 3456 wood

298 3469 478 3519 where
495 3468 674 3518 Civilis
688 3468 808 3519 held
827 3469 905 3518 his
935 3467 1248 3528 convention,
1277 3481 1384 3517 was
1423 3467 1655 3518 between
1685 3470 1774 3519 the
1817 3469 1985 3521 Rhine
2006 3472 2104 3521 and
2122 3472 2211 3521 the

298 3535 359 3586 M
363 3549 451 3585 osu
478 3534 588 3599 (the
603 3533 796 3601 Mense)
819 3539 873 3584 at
886 3535 1071 3597 aplane
1086 3548 1203 3584 now
1220 3533 1386 3584 called
1406 3532 1634 3587 Duodea-
1643 3537 1800 3588 Werd.

202 3640 209 3647 .
300 3599 670 3718 mtuedeiga-ndo,
713 3598 1116 3718 stamfgrhigsitnutse
1136 3615 1371 3719 mppgss?
1379 3600 1649 3721 {li-situas&
1685 3617 1709 3651 e
1744 3598 2005 3677 shouldbe
2023 3594 2204 3652 nub-fi-
