2459 4075
1667 0 1672 1 ν
1699 0 1764 2 ——
1781 0 1858 2 ———
1923 0 1930 2 -
1955 0 2079 8 -----Ἴ

325 198 379 236 s.
413 197 469 234 e.
501 179 594 234 67.
838 170 1163 231 HISTOR.
1210 170 1362 229 LIB.
1406 168 1726 229 PRIMUS.
2173 176 2245 232 15

337 330 356 354 ‘
389 319 672 378 conatibus
693 319 963 378 transitus
991 335 1223 375 rerum:
1270 315 1365 394 (v)
1392 334 1501 374 nec
1537 314 1900 375 cunctatione
1947 331 2110 392 opus,
2142 319 2242 376 ubi

335 402 356 435 ‘
383 399 762 475 perniciosior
786 400 859 455 sit
897 398 1082 474 quies,
1111 416 1278 473 quam
1302 396 1618 454 temeritas.
1703 394 1959 451 Mortem
1987 397 2242 456 omnibus

336 486 351 511 ⁶
381 497 454 535 ex
475 485 675 537 natura
696 478 1001 553 aequalem,
1030 477 1325 534 oblivione
1348 477 1497 551 apud
1518 483 1783 552 posteros
1804 474 1904 531 vel
1923 473 2108 548 gloria
2132 475 2243 532 dis·

300 607 307 616 .
332 565 348 590 ‘
377 558 572 631 tingui.
658 561 766 626 Ac,
810 557 858 614 si
884 563 1193 614 nocentem
1216 556 1700 632 innocentemque
1728 554 1884 612 idem
1912 554 2102 612 exitus
2127 572 2248 612 ma·

333 646 351 671 ‘
379 647 533 705 neat,
559 637 799 695 acrioris
828 636 941 694 viri
963 655 1115 704 esse,
1137 636 1347 692 merito
1370 635 1616 711 perire.'

407 715 602 773 XXII.
648 714 782 772 Non
809 724 935 773 erat
955 715 1201 773 Othonis
1221 714 1412 772 mollis
1435 721 1495 772 et
1515 714 1753 790 corpori
1775 713 1976 771 similis
2004 711 2241 769 mimus.

329 794 406 852 Et
424 794 608 853 intimi
636 795 977 851 libertorum
1018 811 1457 869 servorumque,
1495 794 1821 870 corruptius
1850 811 2018 870 quam
2044 791 2102 848 in
2126 792 2248 867 pri-

326 883 456 932 vata
470 875 644 931 domo
672 873 872 943 hahffi,
901 875 1081 932 aulam
1120 869 1374 946 Ner-s
1407 880 1467 931 et
1490 874 1677 943 luxae,
1705 872 2003 940 adulteria,
2049 870 2244 928 matri·

294 979 299 984 ·
328 954 539 1022 monia,
560 963 905 1029 ceterasque
945 952 1276 1028 Regnorum
1297 951 1586 1022 libidines,
1616 952 1783 1010 avido
1809 952 2025 1019 talium,
2074 951 2122 1007 si
2149 970 2244 1008 au·

327 1034 516 1102 deret,
558 1040 618 1090 ut
645 1052 743 1089 sua
785 1041 1177 1103 ostentantes3
1223 1032 1564 1106 quiescenti,
1596 1039 1655 1088 ut
1680 1031 1887 1100 aliena,
1925 1031 2243 1106 exprobra-

324 1112 504 1169 bant:
551 1110 883 1183 urgentibus
927 1112 1098 1167 etiam
1138 1109 1575 1178 mathematicis,
1623 1109 1755 1166 dum
1783 1118 1799 1142 ‘
1828 1127 2010 1167 novos
2037 1118 2245 1179 motus,

332 1197 352 1223 ³
383 1197 449 1246 et
497 1189 716 1244 clarum
763 1186 980 1242 Othoni
1020 1206 1251 1254 annum,
1288 1187 1691 1243 observatione
1736 1187 2030 1253 siderum,'
2081 1189 2249 1247 adfir-

327 1272 523 1325 mant:
568 1283 746 1340 genus
785 1263 1075 1322 hominum
1104 1263 1433 1341 potentibus
1455 1263 1709 1333 infidum,
1753 1265 2116 1340 sperantibus
2142 1267 2245 1323 fal-

327 1347 447 1421 lax,
490 1345 639 1420 quod
670 1346 727 1401 in
755 1343 987 1401 civitate
1017 1352 1210 1402 nostra
1233 1351 1294 1400 et
1332 1343 1622 1400 vetabitur
1647 1361 1902 1419 semper,
1948 1350 2009 1401 et
2033 1345 2248 1403 retine-

326 1425 485 1488 bitur
588 1423 801 1482 Multos
840 1430 1069 1482 secreta
1114 1424 1390 1499 Poppaeae
1413 1423 1868 1492 mathematicos,
1922 1422 2032 1502 (w)
2063 1425 2247 1499 pessi·-

328 1524 481 1562 mum
525 1503 868 1580 Principalis
918 1504 1264 1561 matrimonii
1310 1502 1769 1572 instrumentum,
1814 1503 2163 1561 habuerant:
2209 1524 2246 1563 e

332 1582 1578 1720 3³23351230Lissa²ssffgrffi3⁰nss312322¹3⁰³³
1602 1601 1982 1721 32523333
2002 1590 2017 1616 ‘
2036 1601 2250 1724 :2233

330 1741 497 1809 fides„
520 1742 856 1818 conjectura
885 1741 1006 1817 jam
1030 1750 1090 1799 et
1110 1681 1344 1800 rliimore
1391 1682 1612 1799 sexfiutti:
1639 1683 1845 1802 Gglbae
1872 1748 1932 1799 et
1948 1742 2250 1818 juventam

334 1820 580 1878 Othonis
607 1822 1074 1896 computantium,
1102 1828 1491 1896 persuaserat,
1517 1827 1532 1852 ‘
1563 1819 1712 1889 fore,
1749 1830 1810 1878 ut
1837 1821 1896 1878 in
1936 1820 2250 1896 Imperium

336 1906 352 1933 ‘
384 1900 846 1958 adscisceretur.'
932 1901 1043 1958 Sed
1066 1900 1222 1976 Otho
1242 1911 1530 1976 tamquam
1551 1901 1761 1974 peritia
1782 1907 1843 1957 et
1860 1900 2076 1959 monitu
2104 1899 2246 1960 fato·

335 1997 459 2036 rum
488 1980 767 2055 praedicta
819 1978 1160 2055 accipiebat,
1188 1979 1458 2057 cupidine
1487 1978 1699 2054 ingenii
1725 1979 1954 2039 humani
1981 1980 2250 2042 libentius

335 2059 579 2116 obscura
603 2059 899 2116 credendi.
986 2059 1117 2115 Nec
1156 2060 1361 2119 deerat
1397 2058 1765 2128 Ptolemaeus,
1777 2060 1899 2134 jam
1923 2067 1984 2116 et
2007 2062 2250 2122 sceleris

328 2138 655 2206 instinctor,
684 2137 756 2192 ad
782 2136 935 2211 quod
960 2134 1229 2192 facillime
1259 2140 1328 2193 ab
1357 2137 1636 2210 ejusmodi
1664 2145 1799 2195 voto
1825 2138 2115 2195 transitur.

415 2215 642 2271 XXIII.
689 2214 803 2270 Sed
824 2215 1066 2271 sceleris
1083 2214 1351 2288 cogitatio
1371 2215 1652 2271 incertum
1675 2235 1746 2275 an
1774 2233 2025 2289 repens:
2070 2219 2254 2278 studia

332 2293 579 2354 'militum
598 2294 723 2369 jam
751 2292 1001 2369 pridem,
1046 2312 1151 2368 spe
1179 2292 1583 2360 successionis,
1613 2301 1706 2351 aut
1732 2300 1930 2370 paratu
1963 2294 2253 2369 facinoris,

335 2373 760 2445 adfectaverat3
806 2373 863 2429 in
897 2371 1132 2442 itinere,
1172 2373 1229 2430 in
1280 2372 1527 2448 agmine,
1571 2372 1631 2428 in
1677 2372 2034 2442 stationibus,
2061 2383 2256 2435 vetus-

335 2454 608 2512 tissimum
629 2471 915 2530 quemque
939 2453 1177 2510 militum
1210 2451 1441 2509 nomine
1461 2471 1695 2522 vocanS,
1715 2472 1802 2522 ac,
1826 2444 2106 2510 memoria
2132 2453 2189 2510 N
2191 2474 2254 2512 e-

337 2534 557 2591 roniani
605 2533 928 2601 comitatuS,
988 2540 1002 2565 ‘
1033 2533 1497 2590 contubernales’
1549 2532 1890 2608 adpellando
1919 2555 1934 2601 ;
1979 2533 2120 2590 alios
2157 2554 2253 2611 ag-

335 2630 607 2682 noscere,
624 2612 897 2689 quosdam
914 2611 1220 2689 requirere
1239 2619 1300 2668 et
1319 2611 1565 2687 pecunia
1580 2619 1675 2670 aut
1688 2612 1867 2686 gratia
1877 2611 2090 2686 juvare
2110 2635 2123 2671 ε
2170 2616 2255 2674 in-

304 2693 584 2749 *serendo
621 2691 832 2767 saepius
881 2693 1148 2768 querelas
1171 2700 1233 2748 et
1272 2689 1561 2765 ambiguos
1602 2692 1675 2748 de
1702 2691 1888 2748 Galba
1929 2711 2257 2769 sermones,

338 2789 581 2847 quaeque
630 2772 739 2828 alia
766 2772 1124 2829 turbamenta
1149 2770 1328 2844 vulgi.
1410 2771 1672 2828 Labores
1717 2772 2010 2840 itinerum,
2057 2772 2257 2852 inopia

336 2858 772 2919 commeatuum,
801 2849 1008 2908 duritia
1034 2850 1288 2925 imperii,
1317 2850 1564 2907 atrocius
1613 2851 2060 2926 accipiebantur,
2100 2872 2252 2926 cum,

336 2928 670 3003 Campaniae
691 2930 845 2986 lacus
875 2938 936 2987 et
978 2930 1208 2987 Achaiae
1249 2931 1422 2986 urbes
1450 2930 1723 2988 classibus
1748 2929 1909 2987 adire
1930 2931 2106 3000 soliti,
2135 2934 2249 3012 Py-

337 3025 596 3064 renaeum
626 3014 685 3063 et
724 3009 901 3083 Alpes
928 3016 988 3067 et
1012 3009 1271 3068 inmensa
1296 3009 1516 3068 viarum
1563 3010 1742 3086 spatia
1770 3028 1924 3083 aegre
1946 3012 2050 3068 sub
2078 3014 2254 3072 armis

335 3085 714 3145 eniterentur.
747 3083 842 3166 (x)

404 3280 432 3312 υ
466 3264 796 3377 opportunos,
843 3273 929 3314 etc.
997 3266 1110 3315 The
1158 3265 1477 3314 convulsions
1510 3268 1567 3314 os
1597 3267 1762 3315 States
1794 3263 1952 3315 afford
1995 3267 2082 3315 the
2128 3273 2245 3319 true

338 3342 509 3379 season
549 3346 606 3379 or
628 3346 849 3393 courage
872 3331 971 3378 and
998 3332 1228 3395 vigor-'eus
1248 3334 1546 3395 enterprise.

404 3407 447 3441 ω
480 3393 867 3445 Mailtematicos.
932 3395 959 3445 J
970 3396 1160 3444 udicial
1182 3398 1497 3460 astrologers.

402 3473 439 3507 :c
473 3457 755 3522 Campania
779 3475 882 3509 was
905 3476 935 3507 a
958 3462 1199 3522 territory
1225 3461 1282 3509 os
1297 3463 1442 3526 Italy,
1468 3464 1704 3512 bounded
1725 3480 1787 3512 on
1812 3466 1898 3514 the
1923 3470 2050 3513 west
2070 3465 2135 3527 by
2160 3467 2252 3513 the>

337 3523 544 3573 Tuscnn
572 3540 684 3582 sea;
719 3541 833 3574 now
858 3527 1025 3574 called
1051 3527 1205 3574 Terra
1221 3529 1277 3575 di
1309 3527 1520 3577 Lat-oro:
1587 3526 1798 3591 Achaia,
1823 3530 1960 3579 osten
1985 3531 2138 3577 taken
2172 3530 2248 3576 sor

333 3593 451 3651 part
471 3589 527 3638 os
540 3589 926 3653 Peloponnesus,
949 3594 1042 3640 but
1065 3593 1116 3640 in
1142 3592 1356 3640 Tacitus
1377 3595 1639 3656 generally
1662 3595 1738 3643 sor·
1811 3598 1827 3642 l
1863 3595 2086 3643 Greece.
2151 3594 2249 3642 Pi·

332 3669 561 3719 renatum,
600 3671 630 3706 a
652 3658 773 3721 long
806 3671 964 3722 range
999 3658 1054 3706 os
1087 3659 1374 3708 mountain·
1406 3662 1704 3725 separating
1801 3663 1887 3707 aul
1920 3660 2048 3707 from
2073 3656 2247 3716 δικαίη.
