2459 4075
32 2001 37 2016 -
26 1909 29 1912 “
26 1793 43 1868 fl*

282 169 333 211 s..
366 170 422 210 c.
452 147 547 210 69.
670 178 677 188 »
720 134 1063 237 ΗιεΤοΒ,
1090 146 1245 208 Llss.
1289 145 1739 207 SECUNDUS.
2095 157 2194 222 cs

291 295 555 364 obsessi&
579 294 720 354 dum
758 302 979 355 retorta
1006 295 1296 371 ingerunt.
1380 293 1742 371 Municipale
1785 296 2028 370 vulgus,
2059 319 2206 377 pro-

284 394 414 438 num
437 375 509 433 ad
542 374 927 454 suspiciones,
967 373 1171 450 fraude
1214 375 1390 432 inlata
1415 375 1558 450 ignis
1603 377 1879 434 alimenta
1903 380 2152 439 credidit
2168 400 2204 440 u

280 453 620 533 quibusdam
641 476 687 516 e..
710 456 918 517 vicinis
953 455 1223 525 coloniis,
1266 455 1482 514 invidia
1512 455 2004 528 et·aemulatione‚
2043 460 2203 536 quod

274 535 427 595 nulla
450 536 513 594 in
552 536 715 596 ltalia
740 538 927 596 moles
954 543 1069 596 tam
1103 554 1290 613 capax
1318 536 1508 594 foret:
1556 556 1907 614 quocunque
1934 556 2074 596 casu
2102 558 2196 598 ac·

273 615 428 686 cidit,
450 615 587 675 dum
615 616 909 676 atrociora
940 617 1373 688 metuebantur,
1403 619 1463 675 in
1481 618 1602 675 levi
1630 618 1887 688 habitum
1916 641 1930 676 ε
1977 619 2202 679 reddita

272 696 610 767 securitate,
631 706 920 774 tamquam
933 695 1078 756 nihil
1099 698 1334 778 gravius
1352 699 1471 775 pati
1484 698 1832 776 potuissent,
1853 700 2204 759 moerebant.

273 775 561 836 Ceterum
602 780 782 838 multo
831 779 1072 838 suorum
1127 793 1344 838 cruore
1401 780 1602 855 pulsus
1650 777 1928 839 Caecinaz
1976 788 2039 838 et
2084 793 2204 839 not

269 857 540 937 parandis
583 860 865 934 operibus
891 856 1208 934 aasumpta.
1292 854 1592 918 Vitelliani
1616 857 1844 935 pluteos
1892 866 2201 937 cratesque

269 946 333 1000 et
350 937 558 999 niueas
605 937 980 1031 suffodiendis
1017 935 1222 1008 muris,
1260 939 1752 1015 protegendisque
1782 940 2204 1015 oppugnatori-

269 1019 423 1091 bus3
468 1016 785 1078 Othoniam
806 1020 978 1078 sudes
1007 1024 1069 1076 et
1100 1017 1392 1077 inmensas
1417 1019 1671 1095 lapidum
1699 1037 1763 1076 ac
1791 1020 2010 1095 plumbi
2033 1019 2200 1080 aeris·

273 1117 395 1177 que
433 1099 642 1166 moles,
708 1098 1136 1175 perfringendis
1191 1099 1619 1174 obruendisque
1677 1098 1961 1167 hostibus,
2015 1118 2200 1178 expe-

272 1178 462 1238 diunt.
545 1174 856 1253 Utrimque
901 1176 1115 1252 pudor,
1161 1177 1456 1252 utrimque
1481 1176 1685 1251 gloria,
1734 1184 1795 1233 et
1820 1177 2069 1239 diversae
2098 1199 2204 1238 ex·

274 1253 641 1317 hortationes
662 1255 799 1315 hinc
822 1261 838 1289 ‘
868 1256 1159 1332 legionum
1197 1263 1260 1315 et
1294 1254 1630 1315 Germanici
1658 1256 1955 1315 exercitus
1978 1261 2201 1330 robur,'

267 1337 411 1398 inde
445 1343 463 1369 ‘
508 1337 741 1395 urbanae
779 1335 998 1395 militiae
1039 1343 1100 1393 et
1157 1335 1576 1395 Praetoriarum
1620 1336 1952 1396 cohortium
2003 1337 2200 1398 decus’

271 1415 716 1480 adtollentium:
761 1416 846 1475 illi
876 1422 893 1450 ‘
922 1427 988 1475 ut
1013 1433 1251 1492 segnem
1273 1434 1341 1474 ac
1365 1416 1629 1486 desidem
1655 1422 1718 1478 et
1741 1416 1904 1477 circo
1946 1437 2014 1477 ac
2038 1419 2203 1479 thea-

273 1497 427 1574 &tris
467 1505 813 1575 conruptum
860 1492 1104 1555 militem
1131 1496 1171 1567 ;'
1215 1497 1280 1557 hi
1307 1504 1324 1531 ‘
1355 1500 1730 1573 peregrinum
1767 1504 1832 1557 et
1868 1502 2204 1568 externum’

268 1577 686 1654 increpabant:
756 1577 926 1637 simul
990 1577 1293 1636 Othonem
1337 1583 1400 1635 et
1447 1576 1774 1649 Vitellium,
1828 1581 2202 1639 celebrantes

269 1660 674 1736 culpantesve,
715 1657 1092 1717 uberioribus
1130 1658 1287 1716 inter
1326 1674 1393 1716 se
1435 1660 1670 1735 probris
1718 1678 1892 1736 quam
1930 1659 2218 1720 laudibw

271 1737 731 1802 stimulabantur.

346 1817 548 1879 XXII.
594 1818 850 1878 Vixdum
887 1824 1016 1878 orto
1036 1817 1173 1888 die,
1195 1816 1375 1895 plena
1396 1817 1920 1896 propugnatoribus
1948 1820 2212 1883 moeniaff

269 1898 559 1977 fulgentes
582 1901 755 1961 armis
794 1898 1051 1975 virisque
1099 1897 1311 1974 campi,
1353 1897 1592 1956 densum
1640 1897 1931 1975 legionum
1973 1919 2202 1977 agmen,

269 1995 471 2059 sparsa
513 1978 857 2038 auxiliorum
883 1997 1108 2049 manus,
1136 1978 1343 2037 altiora
1364 1991 1662 2037 murorum
1688 1979 1910 2055 sagittis
1933 1989 2031 2039 aut
2049 1981 2208 2042 saxio

269 2061 611 2122 incessere:
656 2059 943 2132 neglecta,
992 2065 1089 2114 aut
1130 2076 1261 2115 aevo
1304 2055 1459 2114 fluxa
1499 2054 1761 2115 cominus
1797 2059 2072 2132 adgredix
2115 2061 2204 2119 iu·

259 2147 484 2218 gerunt
508 2138 769 2213 desuper
788 2133 1111 2192 Othoniani
1134 2136 1275 2210 pila,
1302 2134 1515 2191 librato
1558 2137 1735 2208 magis
1757 2144 1818 2193 et
1857 2143 2023 2203 certo
2064 2138 2210 2211 ictu,

268 2223 560 2281 adversus
608 2222 836 2274 temere
854 2214 1181 2289 'subeuntes
1223 2213 1498 2271 cohortes
1534 2211 1987 2284 Germanorum,
2033 2224 2208 2278 cantu

267 2299 450 2368 truci,
482 2304 543 2354 et
566 2314 727 2354 more
799 2292 947 2352 atrio
970 2292 1134 2351 nudis
1161 2291 1531 2368 corporibuS,
1554 2311 1737 2370 super
1756 2296 2029 2353 humeros
2049 2302 2212 2357 scuta

268 2375 674 2458 quatientium.
811 2372 1159 2451 egionarius,
1196 2373 1430 2450 ‘pluteis
1457 2379 1521 2431 et
1566 2374 1826 2433 cratibus
1851 2380 2063 2446 tectuS,
2111 2395 2208 2435 su-

270 2459 435 2520 bruit
474 2475 693 2526 muros,
741 2454 970 2514 instruit
1024 2471 1315 2530 aggerem,
1367 2454 1605 2513 molitur
1666 2462 1883 2532 portas.
1989 2455 2214 2516 Contra

272 2534 626 2599 Praetoriani
651 2535 961 2612 dispositos
988 2534 1063 2591 ad
1086 2534 1145 2591 id
1190 2532 1384 2609 ipsum
1410 2535 1659 2594 molares
1686 2535 1902 2611 ingenti
1942 2538 2216 2620 pondere-

275 2638 339 2678 ac
390 2618 628 2692 fragore
680 2616 1079 2692 provolvunt:
1146 2631 1286 2690 pars
1333 2614 1702 2673 subeuntium
1766 2617 1995 2690 obruti5
2065 2636 2209 2696 pam

275 2698 492 2759 confixi
522 2703 582 2755 et
620 2711 967 2770 exsangues,
995 2699 1089 2753 aut
1114 2692 1318 2762 laceri,
1360 2713 1493 2752 cum
1522 2704 1760 2772 augeret
1806 2705 2056 2773 stragem
2083 2707 2204 2760 tre·

277 2776 517 2854 pidatio‚
556 2794 744 2851 eoque
792 2773 981 2832 acrius
1025 2793 1069 2832 e·
1100 2773 1383 2832 moenibus
1424 2776 1899 2846 vulnerarentur,
1942 2780 2203 2850 rediere,

171 2874 178 2879 ·
222 2891 228 2897 -
277 2855 528 2915 infracta
551 2856 801 2932 partium
827 2852 1006 2915 sama.
1091 2853 1167 2911 Et
1192 2852 1451 2924 Caecina,
1479 2856 1706 2932 pudore
1736 2865 1949 2933 coeptae
1977 2856 2203 2917 temere

282 2935 747 3012 oppugnationis,
772 2952 849 2994 ne
879 2934 1092 2992 inrisus
1120 2953 1187 2992 ac
1218 2952 1402 2992 vanus
1429 2935 1636 2993 iisdem
1652 2937 1859 2995 castris
1888 2937 2206 3008 adsideret,

280 3015 529 3092 trajecto
580 3024 774 3074 'rursus
823 3013 1003 3084 Pado,
1051 3014 1402 3071 Cremonam
1449 3023 1660 3089 petere
1700 3015 1968 3073 intendit.
2053 3016 2206 3075 Tra·

281 3095 493 3154 didere
540 3113 673 3153 sese
715 3093 945 3153 abeunti
1004 3092 1282 3151 Turulius
1331 3090 1579 3150 Cerialis
1632 3112 1765 3151 cum
1812 3096 2206 3170 compluribus

282 3170 576 3247 classicis3
622 3181 682 3234 et
705 3173 899 3233 Julius
942 3172 1309 3248 Briganticus
1338 3189 1467 3229 cum
1513 3171 1734 3250 paucis.
1763 3173 2064 3250 equitum:
2109 3178 2211 3238 hic·

286 3253 605 3315 Praefectus
651 3256 785 3324 alae,
831 3253 892 3310 in
938 3251 1170 3311 Batavis
1228 3250 1492 3324 genitus;
1556 3251 1659 3310 ille
1720 3251 2098 3330 Primipilaris
2147 3265 2209 3318 et

288 3332 538 3394 Gaecinae
569 3335 723 3392 haud
749 3329 993 3404 alienus,
1032 3330 1192 3408 'quod
1220 3330 1453 3390 ordines
1479 3332 1538 3390 in
1576 3333 1892 3391 Germania
1943 3335 2212 3398 duxerat.

367 3413 589 3473 XXIII.
636 3413 943 3492 Spurinna,
997 3417 1302 3487 comperto
1343 3411 1552 3489 itinere
1596 3413 1866 3481 hostium,
1915 3413 2213 3491 defensam

288 3483 662 3565 Placentiam,
692 3512 942 3571 quaeque
971 3498 1116 3562 acta,
1146 3497 1205 3550 et
1234 3490 1369 3568 quid
1400 3490 1635 3552 Caecina
1662 3501 1917 3583 pararet,
1965 3496 2216 3551 Annium

286 3572 519 3633 Gallum
572 3593 684 3652 per
723 3576 951 3632 litteras
991 3570 1183 3629 docet.
1233 3616 1238 3629 ,
1279 3570 1498 3650 Gallus„
1535 3572 1824 3647 legionem
1866 3569 2107 3655 primam
2153 3571 2218 3625 in

290 3654 563 3715 auxilium
592 3652 908 3715 Placentiae
929 3650 1200 3722 ducebat,
1221 3648 1438 3711 diffisus
1453 3651 1740 3735 paucitate
1762 3646 2110 3704 cohortium,
2138 3648 2218 3693 Be
