2459 4075
177 220 182 224 .
281 197 398 252 304
879 190 953 249 C.
996 185 1246 250 CORN.
1290 188 1599 250 TAcl'rt.
1803 206 1859 248 Α.
1892 209 1952 250 υ.
1980 212 2035 253 c.
2066 196 2226 256 850.

283 348 301 375 ⁶
331 337 714 399 servientium
741 355 972 428 ptume:
1020 337 1245 416 quasin
1289 345 1572 398 aeternum
1604 331 1903 414 perferre,
1943 347 2038 397 aut
2087 348 2220 401 sta-

283 427 301 455 ‘
325 419 427 479 tim
450 417 675 488 ulcisci,
703 420 760 476 in
799 418 916 477 hoc
963 424 1170 495 campo
1196 425 1304 477 est.
1386 417 1664 487 Proinde,
1687 417 1851 476 ituri
1894 417 1953 476 in
1995 419 2221 494 aciem,

284 509 300 534 ⁴
331 507 394 559 et
408 499 659 577 maJores
687 504 918 557 vestros
948 504 1008 558 et
1028 506 1296 577 posteros
1323 497 1620 574 cogitate)

359 577 644 648 XXXIII.
693 578 1009 655 Excepere
1051 578 1371 637 orationem
1399 578 1624 637 alacres
1653 586 1714 638 et
1738 576 1971 637 barb'ari
2017 578 2215 638 moris

279 667 454 721 cantu
484 666 545 719 et
568 656 806 717 fremitu
842 658 1307 736 clamoribusque
1338 657 1605 717 dissonis.
1689 659 1938 736 Jamque
1980 659 2216 734 agmina

283 747 345 801 et
365 757 658 799 armorum
698 735 977 813 fulgores,
1006 736 1400 798 audentissimi
1439 738 1719 815 cujusque
1746 756 2036 815 procursu
2065 759 2078 795 :
2123 739 2216 798 si·

283 820 404 880 mul
445 821 879 878 instruebantur
904 818 1059 876 acies
1088 841 1101 876 ε
1147 837 1278 878 cum
1306 816 1596 892 Agricola,
1627 837 1969 895 quamquam
1988 818 2212 878 —laeturn

280 908 342 960 et
388 902 486 958 vix
516 897 884 958 munimentis
934 898 1254 957 coercitum
1278 896 1541 957 ‘militem
1583 898 1938 967 adhortatus,
1977 898 2056 957 ita
2080 897 2245 957 dis·'

279 979 500 1040 seruit:
547 986 564 1012 ‘
591 979 849 1037 Octavus
873 995 1052 1036 annus
1074 977 1299 1057 (v)“est‚
1339 977 1786 1049 commilitones,
1810 998 1887 1037 ex
1916 997 2026 1055 quo
2071 977 2210 1037 vir-

280 1069 296 1094 ‘
322 1067 446 1119 tute
493 1065 562 1117 et·
597 1057 866 1136 auspiciis
897 1058 1135 1135 Imperii
1164 1057 1409 1116 Romani
1434 1057 1550 1116 fide
1593 1064 1767 1135 atque
1798 1076 1980 1136 opera
2003 1065 2208 1117 vestra

278 1150 295 1175 ‘
331 1139 680 1199 Britanniam
711 1138 968 1198 vicistis:
1014 1143 1099 1197 tot
1146 1138 1632 1215 expeditionibus,
1669 1146 1756 1202 tot
1795 1137 2069 1215 proeliis,‘
2088 1157 2205 1197 seu

279 1230 294 1256 ⁸
326 1220 659 1280 fortitudine
701 1218 977 1278 adversus
998 1218 1220 1288 hostes,
1242 1237 1349 1276 seu
1384 1216 1660 1295 patientia
1684 1237 1753 1277 ac
1772 1217 1997 1294 labore,
2024 1227 2206 1294 paene

276 1311 294 1338 ⁴
324 1301 600 1362 adversus
622 1299 805 1376 ipsam
833 1315 1032 1357 rerum
1060 1304 1319 1357 naturam
1346 1316 1493 1374 opus
1518 1296 1661 1357 fuit:
1706 1315 1902 1375 neque
1921 1316 2016 1357 me
2043 1298 2200 1356 mili-

272 1391 287 1417 ⁸
320 1389 460 1450 tum,
474 1400 665 1457 neque
682 1392 784 1439 vos
803 1378 983 1440 Ducis
995 1376 1284 1454 poeuituit.
1369 1376 1525 1454 Ergo
1539 1379 1783 1459 egressi,
1798 1397 1908 1454 ego
1925 1385 2200 1437 veterum

157 1513 162 1518 ,
275 1470 292 1496 ‘
323 1462 691 1536 Legatorum,
721 1476 828 1518 vos
867 1459 1123 1534 priorum
1151 1459 1513 1520 exercituum
1539 1458 1842 1527 terminos,
1870 1455 1981 1537 (w)
2007 1457 2196 1536 finem

276 1549 293 1576 ‘
324 1540 662 1607 Britanniae,
692 1556 806 1596 non
848 1536 1018 1610 fama,
1036 1553 1148 1595 nec
1177 1555 1435 1606 rumore,
1464 1535 1568 1596 sed
1595 1539 1800 1597 castris
1821 1547 1882 1598 et
1903 1538 2074 1597 armis
2102 1546 2195 1597 te-

274 1627 290 1653 ⁴
322 1636 547 1677 nemus.
631 1617 875 1674 Inventa
926 1615 1242 1684 Britannia,
1273 1624 1334 1675 et
1363 1619 1622 1676 subacta.
1707 1618 1992 1699 Equidem
2023 1637 2196 1695 saepe

274 1699 376 1757 ‘in
423 1695 669 1772 agmine,
697 1714 831 1754 cum
880 1714 986 1754 vos
1028 1695 1274 1772 paludes
1302 1704 1606 1756 montesve
1650 1705 1711 1757 et
1737 1696 2199 1773 flumina-fatiga-

269 1788 284 1814 ‘
311 1784 466 1848 rent,
487 1775 781 1835 fortissimi
805 1776 1087 1853 cujusque
1115 1794 1295 1845 voces
1314 1776 1665 1847 audiebam,’
1692 1778 1938 1849 Quando
1965 1778 2200 1837 dabitur

267 1858 473 1927 hostis,
515 1856 743 1935 quando
781 1856 983 1915 acies?
1064 1864 1079 1891 ‘
1108 1855 1388 1926 Veniunt,
1426 1877 1462 1916 e
1490 1858 1730 1918 latebris
1756 1859 1875 1917 suis
1907 1858 2143 1918 >extrusi
2172 1881 2187 1916 ε

267 1946 283 1973 ⁸
310 1946 371 1997 et
411 1945 547 1995 vota
572 1937 870 2012 virtusque
911 1936 968 2008 in
998 1943 1226 2012 aperto,
1276 1938 1583 2015 omniaque
1611 1956 1795 2015 prona
1838 1938 2192 2008 victoribuS,

266 2026 283 2056 ‘
308 2026 479 2097 atque
506 2016 713 2076 eadem
736 2015 909 2077 victis
954 2015 1217 2076 adversa.
1303 2015 1474 2085 Nam,
1521 2024 1584 2076 ut
1630 2036 1941 2095 superasse
1968 2026 2191 2081 tantum

266 2109 282 2135 ‘
307 2097 555 2168 itineris,
597 2097 776 2156 silvas
817 2097 1098 2167 evasisse,
1135 2099 1410 2156 transisse
1447 2099 1733 2169 aestuaria,
1755 2101 2087 2175 ‚pulchrum
2113 2119 2186 2158 ac

264 2180 590 2253 ‘decorum
613 2180 671 2235 in
692 2175 944 2236 frontem
971 2200 988 2251 3
1031 2176 1110 2236 ita
1135 2174 1481 2252 fugientibus
1509 2178 2022 2256 periculosissima,
2046 2198 2184 2256 quae

264 2268 282 2295 ⁶
312 2259 490 2318 hodie
516 2255 917 2335 prosperrima
941 2264 1093 2316 sunt.
1179 2255 1390 2333 Neque
1418 2259 1574 2316 enim
1600 2256 1767 2318 nobis
1795 2267 1889 2318 aut
1914 2260 2182 2317 locorum

264 2349 280 2375 ‘
306 2339 510 2399 eadem
557 2339 775 2407 notitia,
807 2343 903 2395 aut
942 2343 1369 2395 commeatuum
1407 2338 1609 2398 eadem
1650 2339 2030 2399 abundantia:
2078 2339 2190 2397 sed

261 2429 277 2455 ‘
312 2437 505 2478 manus
527 2416 589 2475 et
617 2436 775 2476 arma
801 2423 862 2475 et
888 2416 946 2475 in
988 2418 1077 2474 his
1116 2417 1324 2475 omnia.
1349 2415 1447 2496 (x)
1526 2418 1700 2488 Quod
1719 2419 1789 2477 ad
1809 2438 1902 2478 me
1940 2418 2181 2489 adtinet,

183 2510 184 2513 ’
260 2500 413 2576 ‘jam
441 2497 669 2575 pridem
719 2495 858 2555 mihi
885 2496 1188 2556 decretum
1217 2503 1329 2566 est,
1373 2516 1567 2574 neque
1617 2499 1933 2569 exercitus,
1981 2516 2181 2574 neque

255 2590 271 2615 ⁸
305 2579 485 2638 Ducis
531 2590 695 2652 terga
734 2584 856 2635 tuta
900 2594 1054 2635 esse.
1142 2574 1398 2636 Proinde
1440 2587 1500 2636 et
1546 2579 1789 2637 honesta
1830 2598 1986 2639 mors
2012 2578 2175 2654 turpi

255 2666 277 2694 ⁰
299 2660 416 2719 vita
467 2658 664 2735 potior
689 2678 706 2728 3
769 2662 831 2714 et
875 2653 1350 2725 incolumitas'ac
1403 2657 1582 2718 decus
1630 2659 1841 2718 eodem
1882 2660 2013 2717 loco
2062 2657 2177 2716 sita

257 2748 274 2774 ⁸
305 2745 477 2796 sunt:
525 2755 634 2794 nec
671 2735 979 2810 inglorium
1013 2733 1215 2805 fuerit,
1240 2735 1307 2794 in
1346 2736 1474 2812 ipso
1519 2746 1807 2798 terrarum
1860 2758 1926 2797 ac
1953 2744 2176 2798 naturae

256 2825 273 2851 ⁶
303 2815 420 2874 fine
447 2813 754 2872 cecidisse.

324 2891 601 2952 XXXIV.
645 2896 663 2928 ‘
687 2891 748 2948 Si
788 2902 957 2950 novas
974 2899 1176 2966 gentes
1199 2900 1372 2971 atque
1395 2895 1587 2970 ignota
1611 2900 1766 2956 acies
1788 2899 2167 2968 constitisset,

248 2985 267 3013 “
292 2977 534 3037 aliorum
560 2971 925 3034 exercituum
952 2973 1240 3052 exemplis
1289 2994 1393 3034 vos
1422 2977 1733 3036 hortarer:
1779 2997 1929 3038 nunc
1971 2985 2176 3037 vestra

250 3065 266 3094 ⁴
295 3059 511 3118 decora
557 3061 892 3124 recensete,
935 3061 1164 3113 vestros
1210 3055 1410 3114 oculos
1452 3055 1827 3133 interrogate.
1913 3058 1959 3117 Ii
2012 3065 2173 3127 sunt,

241 3148 265 3176 ⁴
288 3158 434 3220 quos
455 3139 722 3214 proximo
744 3153 913 3204 anno,
942 3153 1108 3193 unam
1135 3136 1423 3212 legionem
1451 3135 1598 3195 furto
1627 3138 1812 3197 noctis
1841 3138 2171 3216 adgressos,

306 3314 335 3347 v
367 3295 539 3345 There
559 3293 601 3342 is
622 3295 743 3343 here
773 3309 805 3343 a
819 3293 963 3343 small
982 3294 1211 3353 mistake,
1241 3294 1329 3342 the
1345 3293 1483 3344 error
1513 3295 1728 3360 perhaps
1749 3296 1808 3347 of
1831 3299 1920 3348 the
1942 3296 2166 3361 copyist3

241 3376 297 3410 as
316 3360 432 3416 this,
446 3360 499 3406 in
519 3360 635 3417 fact,
655 3374 759 3409 was
782 3359 1056 3424 Agricola’s
1077 3361 1285 3409 seventh
1305 3361 1584 3424 campaign.
2178 3418 2183 3423 ,

303 3443 349 3476 ω
380 3424 558 3472 Under
578 3426 650 3471 all
683 3427 868 3473 former
893 3428 1251 3487 commanders,
1270 3427 1359 3475 the
1378 3441 1522 3476 scene
1557 3428 1616 3476 os
1642 3428 1808 3477 action
1827 3442 1933 3478 was
1956 3424 2010 3477 in
2046 3428 2169 3478 that

240 3496 355 3553 part
373 3489 433 3557 ot*
457 3486 649 3559 Britain
674 3490 835 3536 called
855 3490 1100 3552 England.
1169 3491 1405 3555 Agricola
1423 3504 1527 3540 was
1546 3494 1635 3541 the
1651 3493 1757 3542 first
1788 3495 1987 3544 Roman·
2006 3508 2165 3557 gene·

240 3558 316 3603 ral
337 3556 449 3604 that
466 3550 661 3599 carned
682 3552 760 3598 his
778 3551 1045 3602 victorious
1066 3570 1196 3604 arms
1223 3557 1329 3605 into
1363 3557 1658 3618 Caledonia,
1677 3556 1777 3611 and
1807 3560 2032 3610 reduced
2046 3560 2166 3611 that

239 3621 405 3668 whole
426 3619 635 3676 country
650 3615 801 3689 assur
820 3629 874 3661 as
888 3619 976 3665 the
992 3619 1137 3668 Frith
1159 3622 1217 3670 of
1234 3623 1356 3684 Tay.
1582 3640 1584 3642 ’
1982 3674 2005 3679 ,

301 3699 338 3732 ae
369 3684 503 3743 Livy
519 3680 608 3728 has
625 3693 659 3726 a
678 3679 868 3727 similar
887 3682 1163 3734 sentiment.
1231 3687 1347 3736 The
1377 3686 1596 3747 soldier-s,
1615 3690 1832 3752 hesays,
1859 3691 2000 3741 fixed
2016 3689 2167 3740 their

236 3755 353 3801 eyes
385 3762 447 3795 on
467 3744 603 3794 their
631 3759 761 3792 arms
782 3741 880 3791 and
899 3745 987 3793 the
1006 3750 1195 3797 swords
1215 3749 1268 3798 iu
1289 3750 1423 3803 their
1442 3754 1619 3816 hands,
1638 3755 1811 3807 which
1842 3759 1971 3823 they
1988 3757 2160 3808 consi-
2205 3803 2211 3809 ,

236 3802 391 3858 dei-eu
411 3824 464 3860 ss
479 3808 614 3859 their
633 3811 751 3871 only
768 3809 915 3872 hope.
981 3809 1099 3864 Lib.
1122 3828 1175 3863 v.-
1190 3827 1230 3864 s.
1253 3818 1349 3865 423⁴
1402 3843 1416 3848 -
1703 3815 1706 3820 ’

48 3972 192 4062 BL
209 4060 212 4061 f
