2459 4075
295 142 407 198 160
893 135 965 194 C.
1012 134 1260 194 CORN.
1307 133 1616 192 TAci'ri.
1807 155 1865 193 A.
1898 154 2037 194 ihc.
2086 140 2212 194 829.

290 284 590 360 ‘peditum
630 282 1044 359 equitumque.
1091 282 1549 356 consanguineos
1587 280 1953 339 Germanos·
2000 282 2213 341 Gallias

288 363 483 426 ‘idem
512 362 861 440 cupientes:
907 382 979 420 ne
1020 362 1294 420 Romanis
1321 362 1554 436 quidem
1584 362 1867 437 ingratum
1893 362 1952 419 id
1973 363 2211 433 bellum,

288 445 495 520 ‘cujus
545 442 897 533 ambiguam
917 439 1203 500 fortunam
1262 443 1620 518 Vespasiano
1674 442 2069 518 inputaturos:
2117 442 2212 524 (a)

287 524 590 582 ‘victorias
623 523 904 581 rationem
934 542 1048 580 non
1067 523 1277 582 reddi'

363 604 494 663 XV.
541 603 751 677 Magno
780 622 909 661 cum
939 603 1183 662 adsensu
1207 603 1454 671 auditus,
1499 603 1748 660 barbaro
1777 603 1890 662 ritu
1923 610 1983 659 et
2017 602 2214 678 patriis

260 683 782 743 ’exsecrationibus
827 682 1132 740 universos
1181 683 1372 758 adigit.
1460 682 1627 742 Missi
1665 683 1735 739 ad
1783 682 2208 751 Canninefate8‚

284 767 383 839 qui
429 764 669 823 consilia
709 762 1019 820 sociarent.
1105 762 1191 820 Ea
1222 782 1366 838 gens
1394 770 1621 837 partem
1657 762 1862 820 insulae
1892 763 2055 832 colit,
2098 765 2212 824 ori.-r

279 845 436 918 gine,
486 845 697 922 lingua,
745 844 983 910 virtute,
1030 861 1141 918 par
1192 842 1483 912 Batavis;
1546 861 1793 900 numero
1841 850 2240 917 superantur.

284 923 427 981 Mox
450 924 689 982 occultis
713 924 922 982 nuntiis
944 923 1201 998 perlexit
1224 922 1560 980 Britannica
1584 922 1816 992 auxilia,
1850 921 1941 1002 (b)
1974 922 2149 981 Batav
2136 942 2213 980 o-

283 1022 408 1064 rum
438 1004 735 1072 cohorteS,
772 1005 971 1060 missas
1026 1003 1084 1061 in
1127 1001 1522 1071 Germaniam,
1567 1008 1839 1078 utsupra
1880 1003 2258 1076 retulimuS,

278 1101 346 1142 ac
374 1090 491 1141 tum
519 1083 862 1158 Magontiaci
887 1089 1138 1156 agentes.
1221 1081 1408 1142 Erat'
1390 1102 1449 1140 in
1471 1081 1947 1158 Canninefatibus
1974 1080 2063 1160 (c)
2090 1091 2203 1140 sto·

184 1164 195 1172 ‘
276 1163 412 1221 lidae
448 1164 698 1222 audaciae
721 1162 963 1232 Brinno,
972 1163 1247 1224 claritate
1285 1161 1596 1222 natalium
1581 1162 1823 1237 insigni:
1872 1170 2039 1238 pater
2059 1162 2206 1237 ejus,

277 1246 457 1301 multa
479 1244 708 1302 hostilia
729 1263 919 1310 ausus,
944 1241 1288 1301 Gaianarum
1303 1242 1741 1320 expeditionum
1765 1243 2078 1301 ludibrium
2109 1241 2205 1321 (d)

220 1352 241 1374 ο
264 1323 493 1415 inpune
515 1330 843 1400 spreverat.
927 1323 1149 1397 Igitur
1135 1342 1262 1399 ipso
1306 1323 1545 1382 rebellis
1575 1321 1806 1382 familiae
1831 1325 2062 1382 nomine
2086 1324 2203 1399 pla·

279 1405 419 1472 cuit,
439 1404 836 1479 inpositusque
864 1411 1048 1470 scuto,
1073 1422 1237 1460 more
1253 1403 1462 1477 gentis,
1492 1411 1552 1461 et
1571 1402 1971 1461 sustinentium
2001 1403 2205 1493 hunne-

282 1483 361 1540 ris
420 1484 698 1542 vibratus.
804 1482 938 1539 Dux
1001 1481 1290 1556 deligitur
1392 1483 1705 1556 Statimque
1754 1483 1951 1541 accitis
2004 1482 2204 1540 Frisiis

282 1561 723 1641 (transrhenana
744 1580 884 1636 gens
908 1560 1026 1650 est)
1041 1561 1283 1619 duarum
1298 1562 1623 1621 cohortium
1652 1560 1897 1620 hiberna
1905 1563 2205 1638 p‚1·oxima

278 1648 584 1717 occupatu,
626 1640 864 1704 Oceano
917 1639 1212 1717 inrumpit.
1297 1640 1427 1700 Nec
1476 1640 1873 1718 praeviderant
1923 1644 2202 1718 impetum

277 1720 523 1780 hostium
545 1721 797 1782 milites.
840 1738 973 1790 nec,
1002 1721 1057 1778 si
1078 1721 1511 1796 praevidissent,
1554 1722 1691 1784 satis
1734 1723 1944 1780 virium
1999 1724 2070 1779 ad
2111 1741 2200 1779 ar-

278 1801 526 1864 cendum
556 1807 701 1860 erat.
786 1799 969 1878 Capta
992 1803 1164 1874 igitur
1193 1809 1254 1859 et
1292 1801 1522 1879 direpta
1556 1809 1782 1860 castra:
1828 1802 1962 1860 dein
2005 1821 2199 1876 vagos,

277 1886 337 1940 et
360 1880 519 1956 pacis
535 1880 708 1942 modo
749 1880 983 1949 effusos,
1013 1880 1157 1937 lixas
1185 1884 1687 1957 negotiatoresque
1719 1880 2009 1941 Romanos
2040 1883 2197 1940 inva-

276 1961 434 2020 dunt.
518 1960 698 2017 Simul
720 1961 959 2018 excidiis
988 1962 1360 2020 castellorum
1388 1961 1771 2020 inminebant:
1818 1981 1949 2039 quae
1980 1982 2011 2020 a
2040 1961 2199 2020 Prae-

276 2040 442 2105 tectis
471 2043 798 2099 cohortium
824 2041 1059 2101 incensa
1085 2049 1239 2109 sunt,
1259 2041 1392 2119 quia
1406 2041 1640 2100 defendi
1662 2043 1993 2117 nequibant.
2080 2042 2199 2117 Sig-

275 2142 345 2179 na
368 2121 699 2197 vexillaque
722 2129 780 2179 et
819 2121 970 2199 quod
992 2121 1238 2179 militum
1259 2123 1314 2179 in
1337 2122 1704 2198 superiorem
1736 2122 1940 2180 insulae
1970 2130 2197 2199 partem

140 2241 188 2261 .·
273 2211 716 2292 congregantur,
759 2202 908 2259 (luce
958 2202 1233 2277 -Aqnilio,
1299 2202 1692 2277 Primipilari·
1746 2221 1957 2261 nomen
2018 2204 2192 2276 magis

273 2281 593 2350 exercitus,
624 2300 792 2357 quam
821 2280 1022 2353 robur.
1106 2281 1364 2358 Quippe,
1387 2282 1607 2340 viribus
1629 2282 1955 2340 cohortium
1984 2283 2196 2340 abduc·

272 2363 364 2430 tie,
387 2352 677 2430 Vitellius,
701 2380 735 2418 e
758 2361 1041 2437 proximis
1060 2362 1414 2419 Neiviorum
1444 2362 1988 2438 Germanorumque
2015 2363 2198 2440 pagiS,

273 2459 507 2515 segnem
526 2460 826 2499 numerum
850 2440 1021 2498 armis
1044 2449 1406 2499 oneraverat.

353 2520 516 2579 XVI.
560 2520 790 2589 Civilis,
845 2520 982 2578 dolo
1039 2521 1430 2595 grassandum·
1472 2529 1647 2593 ratuS,
1690 2518 1978 2579 incusavit
2035 2522 2189 2579 ultro

271 2598 610 2669 Praefectos,
642 2608 657 2634 ‘
681 2601 832 2677 quod
858 2602 1117 2658 castella·
1145 2601 1556 2660 deseruissent.
1641 2601 1717 2658 Se
1759 2619 1891 2658 cum
1920 2602 2189 2672 cohorte,

252 2687 287 2727 -‘
318 2678 423 2743 cui
440 2688 714 2754 praereat,
735 2679 1169 2741 Canninefatem
1206 2681 1512 2739 tumultum
1539 2682 2040 2756 compressurum:
2088 2682 2191 2741 ille

271 2764 419 2813 ‘sua
442 2760 685 2834 quisque
713 2759 957 2815 hiberna
1004 2768 1364 2834 repeterent.
1374 2760 1389 2787 ’
1473 2761 1723 2817 Subesse
1766 2756 2022 2817 fraudem
2048 2780 2189 2819 con-

258 2835 420 2909 silio,
440 2844 497 2893 et
519 2837 604 2892 di.
579 2856 807 2912 spersas
836 2837 1109 2895 cohortes
1131 2838 1354 2897 facilius
1383 2838 1657 2915 opprimi,
1680 2858 1789 2897 nec
1832 2838 2192 2899 Brinnonem

258 2916 474 2974 ducem
513 2915 638 2992 ejus
680 2916 843 2989 belli,
872 2918 976 2976 sed
1019 2916 1273 2977 Civilem
1313 2937 1466 2989 esse,
1496 2919 1709 2995 patuit:
1755 2921 2189 2996 erumpentibus

1252 3012 1261 3038 l

331 3145 365 3178 a
398 3129 511 3179 The
530 3130 796 3181 Batavians
817 3131 868 3180 in
888 3146 1001 3181 case
1023 3131 1081 3180 os
1105 3131 1287 3182 sailure
1320 3129 1470 3179 oould
1491 3129 1734 3179 attribute
1756 3128 1892 3179 their
1929 3122 2182 3179 insurrec-

267 3194 369 3244 tion
392 3201 444 3243 to
464 3197 595 3245 their
610 3201 720 3246 zeal
735 3199 810 3247 sor
831 3199 1120 3262 Vespasian.
1385 3219 1390 3224 ·
1901 3222 1904 3231 ·

333 3264 363 3310 ὸ
395 3263 707 3313 Britannica
723 3266 943 3313 auxilia.
1009 3264 1094 3313 He
1114 3265 1229 3312 thus
1243 3261 1579 3311 denominatos
1594 3261 1681 3310 the
1698 3261 1945 3310 Batavian
1965 3264 2184 3321 cohor-ts,

267 3326 479 3376 because
498 3328 618 3388 they
640 3330 743 3376 had
762 3326 892 3377 been
914 3329 965 3376 in
988 3330 1182 3378 Britain
1198 3329 1324 3377 with
1345 3329 1433 3375 the
1450 3326 1736 3375 sourteenth
1761 3326 1942 3389 legion.

329 3409 355 3440 c
388 3394 503 3443 The
522 3390 869 3443 Canninefates
890 3395 1133 3457 occupied
1147 3397 1235 3444 the
1251 3397 1463 3443 western
1495 3398 1610 3455 part
1632 3393 1690 3441 os
1705 3392 1918 3440 Batavis
1938 3408 2059 3441 near
2085 3393 2180 3440 the

259 3455 464 3522 Hagnae.
530 3457 909 3521 Magantiacum
927 3473 1031 3507 was
1048 3465 1230 3509 etown
1245 3459 1306 3508 os
1320 3457 1489 3516 Gaul,
1520 3473 1637 3506 now
1657 3458 1849 3516 Mente,
1880 3457 2098 3507 situated
2117 3463 2181 3508 at

261 3523 349 3570 the
369 3525 652 3572 confluence
673 3524 729 3569 of
734 3525 819 3571 the
842 3524 1012 3571 Rhine
1032 3525 1130 3572 and
1144 3525 1234 3572 the
1255 3524 1460 3572 Maine.
1495 3560 1500 3563 -

254 3632 257 3635 ,
322 3590 358 3638 d
390 3588 703 3643 Gaianarum
745 3590 1117 3652 expeditionum
1155 3591 1470 3643 ludibrium5
1505 3586 1759 3663 Caligula’
1760 3604 1781 3635 s
1804 3588 1927 3637 wild
1961 3587 2179 3653 expedi·

261 3652 365 3702 tion
384 3653 488 3704 into
505 3655 778 3718 Germany
794 3655 857 3703 A.
878 3653 944 3705 U.
957 3652 1023 3708 C.
1046 3654 1159 3708 793.
1227 3655 1322 3707 See
1345 3652 1869 3755 Suetoniusincalig.
1888 3656 1973 3711 43.

2377 0 2423 294 ,1
