2459 4075
827 121 846 136 τ
913 97 966 130 ’ζ’
1019 119 1038 148 «3
1129 107 1138 114 “
1184 105 1194 112 ⁵

293 225 344 261 J.
374 224 435 261 ο.
467 205 565 260 69.
713 137 750 234 Ἦ·
785 165 1114 257 msToR.
1156 197 1312 256 Lm.
1354 197 1744 257 TER'rlUS.
2114 199 2220 256 131

302 350 509 406 multos
536 365 712 404 annos
740 346 1096 405 destinabatt
1141 343 1367 403 foedera
1390 345 1587 416 sociis,
1634 344 1862 403 Latium
1895 342 1994 424 (d)
2035 352 2228 404 exter·

301 431 407 496 nis,
455 428 746 503 dilargiri:
795 428 883 485 his
911 427 1125 485 tributa
1151 425 1469 495 dimittere,
1514 425 1655 483 alios
1684 425 2115 484 inmunitatibus
2134 426 2227 501 ju-

300 527 436 580 vare
461 530 474 565 ε
520 507 797 584 denique,
817 507 972 565 nulla
1000 508 1055 563 in
1085 513 1383 582 posterum
1404 524 1565 575 cura,
1597 507 1861 564 lacerare
1892 506 2225 582 Imperium.
2284 513 2297 524 ·

301 587 412 646 Sed
437 588 641 663 vulgus
671 587 741 645 ad
769 586 1213 662 magnitudinem
1235 584 1654 645 beneficiorum
1685 587 1922 645 aderat:
1967 585 2233 644 stultissi-
2306 585 2395 642 ts

301 686 424 726 mus
466 669 716 746 quisque
759 666 1025 743 pecuniis
1066 668 1473 725 mercebatur:
1540 667 1694 743 apud
1736 667 2029 743 sapientes
2078 675 2239 724 cassa

302 748 686 818 habebantur,
707 767 836 824 quas
865 766 1055 824 neque
1077 747 1222 816 dari,
1252 766 1441 824 neque
1471 748 1679 824 accipi,
1698 748 1861 805 salva
1888 746 2236 823 Republica,

304 836 595 905 poterant.
682 828 951 888 Tandem
993 826 1282 902 flagitante
1330 828 1618 897 exercitu,
1667 828 1765 904 qui
1796 827 2123 886 Mevaniam
2153 826 2238 883 in·

301 909 553 978 sederat,
603 927 812 984 magno
841 908 1183 965 Senatorum
1229 906 1474 981 agmine,
1518 928 1768 985 quorum
1807 909 2015 966 multos
2059 905 2236 965 ambi-

296 988 481 1057 tione,
509 990 713 1065 plures
751 986 1059 1045 formidine
1102 987 1390 1055 trahebat,
1435 986 1492 1044 in
1521 997 1706 1048 castra
1751 986 1935 1059 venit,
1979 988 2241 1056 incertus

302 1067 503 1137 animi,
534 1076 594 1126 et
620 1067 810 1126 infidis
838 1067 1094 1125 consiliis
1117 1066 1422 1124 obnoxius.
1793 1134 1801 1142 .

386 1147 548 1205 LVI.
594 1147 974 1206 Concionanti
1006 1145 1433 1225 (prodigiosum
1459 1145 1647 1224 dictu)
1694 1153 1913 1204 tantum
1952 1145 2240 1204 foedarum

303 1227 609 1285 volucrum
625 1227 1091 1304 supervolitavit,
1113 1233 1175 1285 ut
1191 1228 1346 1284 nube
1365 1233 1486 1283 atra
1498 1226 1653 1283 diem
1672 1226 2079 1285 obtenderent.
2129 1227 2237 1284 Ac-

301 1303 680 1365 cessitdirum
700 1325 894 1377 omen,
912 1306 1183 1383 profugus
1197 1306 1469 1365 altaribus
1486 1313 1700 1376 taurus,
1719 1305 1962 1382 disjecto
1976 1304 2244 1363 sacrificii

307 1385 604 1461 adparatu,
634 1388 828 1463 longe,
858 1407 991 1458 nec,
1030 1389 1126 1445 ubi
1162 1386 1329 1445 feriri
1359 1387 1573 1444 hostias
1607 1406 1733 1444 mos
1764 1395 1874 1458 est,
1917 1384 2240 1444 confossus.

305 1465 423 1523 Sed
444 1467 807 1542 praecipuum
835 1468 961 1543 ipse
997 1467 1274 1526 Vitellius
1313 1473 1604 1525 ostentum
1644 1473 1795 1537 erat,
1826 1467 2056 1543 ignarus
2094 1464 2246 1522 miii-

300 1545 419 1615 tiae,
463 1547 803 1621 inprovidus
838 1547 1087 1617 consilii,
1109 1554 1125 1582 ‘
1160 1548 1289 1624 quis
1318 1547 1761 1623 ordo'agminis,
1804 1568 1936 1625 quae
1966 1565 2106 1605 cura
2145 1563 2245 1603 ex·

295 1633 314 1658 ⁴
347 1626 634 1701 plorandi,
666 1634 911 1703 quantus
941 1628 1198 1702 urgendo
1228 1627 1592 1687 trahendove
1620 1629 1781 1686 bello
1811 1627 2056 1707 modus,'
2101 1627 2244 1684 alios

303 1705 576 1780 rogitem,
600 1715 661 1765 et
688 1708 757 1765 ad
786 1727 987 1765 omnes
1014 1709 1271 1777 nuntioS,
1300 1709 1465 1766 vultu
1496 1728 1725 1786 quoque
1755 1716 1815 1766 et
1852 1708 2083 1766 incessu
2122 1713 2245 1780 tre-

301 1784 492 1862 pidus,
514 1787 651 1844 dein
668 1790 1036 1847 temulentus.
1125 1788 1437 1847 Postremo
1465 1790 1640 1846 taedio
1659 1795 2006 1859 castrorum,
2037 1794 2117 1857 et,
2150 1805 2244 1843 au-

298 1865 418 1924 dita
452 1865 785 1926 defectione
813 1868 1166 1927 Misenensis
1195 1866 1419 1936 classis,
1450 1867 1697 1926 Romam
1736 1868 2008 1937 revertit,
2038 1884 2244 1926 recen-

305 1945 588 2012 tissimum
619 1946 893 2023 quodque
931 1950 1141 2006 vulnus
1168 1966 1413 2024 pavens,
1459 1950 1666 2007 summi
1710 1947 2059 2014 discriminis
2088 1947 2249 2007 incu-

300 2025 505 2086 riosuS.
594 2025 767 2096 Nam,
815 2049 948 2085 cum
979 2028 1303 2102 transgredi
1333 2028 1722 2104 Apenninum,
1751 2029 1982 2105 integro
2011 2029 2243 2089 exerci-

299 2115 391 2167 tus
419 2107 507 2165 sui
546 2109 787 2177 robore,
811 2114 872 2165 et
898 2106 1082 2165 fessos
1112 2108 1309 2166 hieme
1332 2115 1505 2183 atque
1545 2109 1738 2185 inopia
1758 2110 1959 2167 hostes
1988 2108 2252 2184 adgredi,

303 2189 363 2246 in
386 2197 592 2264 aperto
615 2184 801 2258 foret3
845 2187 983 2244 dum
1012 2186 1298 2262 dispergit
1314 2186 1495 2253 vires,
1519 2189 1869 2246 acerrimum
1889 2188 2159 2258 militem,
2190 2198 2252 2248 et

303 2274 509 2345 usque'
537 2269 593 2324 in
630 2273 896 2324 extrema
932 2267 1303 2336 obstinatum,
1342 2266 1745 2325 trucidandum
1785 2267 2248 2346 capiendumque

306 2346 559 2416 tradidit,
610 2346 979 2422 peritissimis
1025 2346 1456 2423 centurionum
1520 2348 2018 2416 dissentientibus,
2069 2355 2149 2417 et,
2203 2350 2251 2409 si

301 2428 775 2496 consulerentur,
824 2447 971 2486 vera
1009 2427 1276 2486 dicturiS.
1366 2428 1638 2487 Arcuere
1668 2447 1769 2487 eos
1812 2427 1996 2487 intimi
2039 2429 2250 2487 amico-

307 2528 435 2567 rum
476 2506 723 2578 Vitellii,
754 2508 832 2566 ita
857 2507 1113 2566 formatis
1143 2507 1435 2584 Principis
1465 2510 1717 2581 auribus,
1747 2515 1809 2568 ut
1848 2514 2079 2587 aspere,
2120 2528 2248 2587 quae

305 2589 485 2657 utilia,
508 2607 619 2645 nec
649 2589 981 2665 quidquam,
1021 2588 1472 2683 nisisjucundum
1507 2588 1567 2647 et
1594 2592 1885 2659 laesurum,
1926 2590 2245 2668 acciperet.

387 2668 574 2728 Lvn.
622 2669 738 2727 Sed
760 2670 1005 2728 classem
1028 2668 1427 2728 Misenensem
1456 2668 1703 2750 (tantum
1724 2670 1999 2729 civilibus
2029 2671 2250 2731 discor-

305 2748 415 2807 diis
453 2749 626 2807 etiam
673 2749 1027 2825 singulorum
1056 2750 1296 2808 audacia
1320 2750 1531 2830 valet)-
1554 2751 1827 2810 Claudius
1874 2751 2248 2824 Faventinus,

307 2828 616 2904 Centurio,
636 2848 750 2905 per
774 2830 1141 2905 ignominiam
1171 2851 1206 2888 a
1226 2831 1414 2890 Galba
1438 2832 1730 2902 dimissus,
1761 2833 1831 2891 ad
1858 2832 2249 2899 defectionem

310 2909 507 2978 traxit,
545 2908 694 2968 fictis
716 2909 1060 2986 Vespasiani
1099 2911 1362 2988 epistolis
1390 2913 1646 2989 pretium
1681 2913 2026 2989 proditionis
2056 2921 2247 2972 osten·

312 2997 458 3046 tans,
544 2987 807 3048 Praeerat
822 2992 990 3049 classi
1015 2990 1289 3050 Claudius
1317 2992 1696 3068 ApollinariS,
1726 3012 1921 3068 neque
1943 2992 2080 3048 fidei
2109 3008 2247 3051 eon-

311 3076 485 3139 stans,
517 3086 707 3146 neque
736 3078 1007 3131 strenuus
1035 3071 1093 3129 in
1122 3066 1405 3146 perfidia:
1453 3079 1512 3129 et
1548 3073 1791 3148 Apinius
1816 3072 1988 3140 Tiro,
2021 3069 2244 3130 Proetu-

312 3169 380 3209 ra
402 3148 649 3220 functuS,
680 3170 744 3209 ac
766 3158 886 3209 tum
915 3150 1067 3210 forte
1102 3150 1416 3208 Minturnis
1448 3149 1533 3230 (e)
1566 3168 1760 3227 agens,
1799 3151 2009 3210 ducem
2053 3169 2118 3210 se
2145 3153 2249 3212 de-

296 3229 630 3299 -sectoribus
652 3232 893 3290 obtulit:
942 3251 976 3289 a
1002 3232 1207 3309 quibus
1235 3230 1549 3307 municipia
1585 3232 1949 3309 coloniaeque
1984 3235 2250 3309 inpulsae,

315 3309 618 3387 praecipuo
647 3310 1095 3372 Puteolanorum
1121 3311 1188 3369 in*
1210 3310 1633 3389 Vespasianum
1673 3311 1876 3383 studia,
1900 3321 2103 3373 contra
2142 3314 2255 3372 Ca·

380 3535 413 3584 d
445 3533 548 3583 For
564 3548 627 3582 an
644 3543 853 3586 account
872 3537 932 3586 of
937 3540 1025 3587 the
1047 3536 1318 3601 privileges
1337 3537 1597 3591 eonserred
1622 3540 1700 3602 by
1715 3540 1806 3588 the
1813 3543 1902 3606 jus
1920 3542 2250 3601 'civitati-ojus

317 3600 462 3651 Latii
477 3600 575 3649 and
584 3602 677 3667 jus
697 3600 942 3662 Italicum,
962 3620 1044 3653 see
1068 3604 1272 3653 Adams'
1295 3604 1492 3654 Roman
1528 3604 1849 3666 Antiquities,
1870 3620 1919 3667 p.
1944 3606 2025 3660 72,
2046 3604 2146 3674 ⁷4⁶.

316 3667 707 3785 biiishfinmmae
720 3682 827 3718 was
856 3687 888 3719 a
908 3676 1045 3722 town
1066 3687 1130 3721 on
1150 3672 1237 3723 the
1257 3671 1471 3721 confines
1493 3670 1551 3720 os
1558 3670 1840 3743 Campania
1855 3682 1980 3716 near
1996 3668 2083 3714 the
2106 3677 2242 3709 river
