2459 4075
290 128 374 181 30
873 122 943 182 Ο.
989 121 1236 181 coRN.
1284 119 1590 180 TAclTr.
1807 143 1864 179 Α.
1896 140 1954 181 u.
1988 144 2042 182 c.
2077 128 2220 187 8⁴20.

298 275 313 300 ‘
345 274 632 328 curreret.
718 266 934 325 Merito
961 268 1249 328 dubitasse
1275 265 1638 342 Verginium,
1668 266 1939 343 Equestri
1984 267 2225 345 familia,

290 353 309 379 ⁴
337 346 527 422 ignoto
577 353 779 423 patre:
826 347 1111 423 inparem,
1150 349 1198 405 si
1245 348 1569 422 recepisset
1617 346 1956 423 Imperium,
2005 358 2222 423 tutum,

285 430 310 456 ·‘
341 425 389 483 si
407 435 756 485 recusasset.
841 425 1080 487 Vitellio
1116 435 1237 487 tres
1259 427 1437 502 patris
1465 427 1825 496 Consulatus,
1870 427 2225 502 censuram,

293 512 308 537 ‘
340 506 666 580 conlegium
693 506 964 578 CaesariS,
993 508 1299 584 imponere
1317 505 1671 583 jampridem
1699 507 2075 582 Imperatoris
2095 511 2222 587 dig-

296 595 315 618 ⁶
340 586 651 653 nationem,
681 585 894 643 auferri
927 588 1134 663 privati
1163 586 1576 647 securitatem.'

372 665 532 722 Llll.
578 666 951 737 quatiebatur
979 668 1067 727 his
1095 686 1272 742 segne
1315 665 1627 740 ingenium,
1678 672 1739 722 ut
1766 666 2221 743 concupisceret

295 744 492 819 magis,
522 764 693 821 quam
721 751 779 802 ut
794 754 1081 820 speraret.
1172 751 1244 805 At
1284 746 1341 802 in
1369 747 1674 821 superiore
1705 744 2037 818 Germania,
2082 746 2220 806 Cae·

300 823 450 887 cina,
499 824 712 883 decora
750 824 1014 899 juventa,
1070 844 1324 902 corpore
1373 824 1594 900 ingens,
1644 824 1814 883 animi
1847 825 2226 899 immodicus,

297 902 443 960 scito
497 922 789 973 sermone,
840 913 1042 963 erecto
1095 908 1344 974 incessu,
1395 905 1575 963 studia
1623 904 1861 962 militum
1907 904 2221 965 inlexerat.

298 980 470 1040 Hunc
494 984 779 1064 juvegem
825 984 1031 1055 Galba,
1076 988 1441 1057 Quaestorem
1489 985 1548 1042 in
1590 983 1826 1052 Baetica,
1868 981 2113 1060 impigre
2157 987 2222 1044 in

290 1069 489 1137 partes
511 1082 639 1120 suas
660 1070 1100 1138 transgressum,
1144 1066 1357 1141 legioni
1385 1064 1736 1141 praeposuit:
1783 1080 1916 1119 mox
1943 1081 2220 1139 comper—

294 1148 437 1211 tum,
481 1143 770 1219 publicam
797 1145 1099 1220 pecuniam
1127 1146 1433 1213 avertisse,
1463 1152 1523 1202 ut
1550 1144 1949 1221 peculatorem
1973 1143 2219 1219 flagitari

291 1220 477 1296 jussit.
564 1221 800 1281 Caecina
844 1243 1000 1298 aegre
1045 1244 1270 1299 passae,
1330 1225 1581 1281 miscere
1630 1229 1839 1280 cuncta
1884 1228 1945 1280 et
1993 1223 2223 1299 privata

296 1303 535 1359 vulnera
563 1301 928 1377 Reipublicae
955 1304 1116 1360 malis
1147 1304 1385 1378 operire
1434 1303 1644 1360 statuit.
1731 1301 1860 1358 Nec
1889 1300 2133 1360 deerant
2159 1302 2220 1361 in

297 1382 562 1437 exercitu
608 1382 828 1440 semina
853 1380 1159 1439 discordiae
1184 1406 1196 1439 :
1246 1383 1397 1459 quod
1426 1389 1485 1438 et
1515 1382 1669 1439 bello
1712 1381 1987 1439 adversus
2017 1381 2219 1440 Vindi-

296 1476 430 1515 cem
455 1458 762 1518 universus
791 1458 1068 1529 adfuerat,
1098 1480 1229 1530 nec,
1264 1461 1372 1519 nisi
1402 1460 1596 1518 occiso
1625 1459 1888 1528 Nerone,
1920 1462 2225 1519 translatus

299 1536 359 1592 in
399 1538 662 1608 Galbam,
691 1546 860 1614 atque
901 1539 959 1595 in
982 1559 1054 1597 eo
1087 1539 1214 1616 ipso
1262 1546 1620 1598 sacramento
1656 1538 1889 1598 vexillis
1931 1540 2227 1600 inferioris

296 1615 993 1694 Germaniaepraeventus
1024 1626 1151 1681 erat
1254 1619 1330 1678 Et
1358 1619 1616 1677 Treveri
1645 1626 1701 1677 at
1721 1617 2031 1694 Lingones,
2055 1640 2223 1696 quas·

299 1714 412 1771 que
441 1695 578 1754 alias
607 1696 869 1755 civitates
912 1698 1203 1757 atrocibus
1233 1699 1436 1757 edictis
1466 1706 1557 1756 aut
1584 1699 1794 1756 damno
1814 1697 2012 1757 finium
2035 1700 2226 1757 Galba

304 1778 656 1849 perculerat,
701 1775 961 1835 hibernis
998 1779 1286 1853 legionum
1333 1771 1570 1855 propius
1613 1778 1946 1836 miscentur.
2053 1777 2228 1836 Unde

302 1854 571 1913 seditiosa
597 1856 923 1931 conloquia,
945 1859 1185 1928 etlinter
1209 1876 1458 1934 paganos
1485 1856 1827 1934 conruptior
1851 1857 2042 1928 miles,
2087 1864 2148 1916 at
2172 1857 2232 1916 in

305 1934 646 2008 Verginium
670 1933 861 2004 favor,
890 1935 1233 2013 cuicumq‘ue
1265 1938 1361 1996 alii
1391 1936 1743 2013 profuturus.

384 2014 542 2074 LIV.
589 2014 831 2074 Miserat
880 2015 1086 2075 civitas
1129 2017 1468 2093 Lingonum,
1510 2023 1717 2076 vetere
1760 2014 2037 2085 instituto,
2082 2014 2234 2075 dona

298 2095 644 2170 legionibus,
666 2096 920 2166 dextras,
946 2097 1179 2174 hospitii
1220 2098 1463 2174 insigne.
1492 2095 1583 2177 (h)
1669 2095 1867 2171 Legati
1913 2114 2138 2165 eorum,
2169 2096 2227 2154 in

259 2236 263 2241 ,
305 2176 632 2251 squalorem
660 2176 1101 2252 maestitiamque
1129 2177 1457 2254 compositi,
1487 2194 1600 2252 per
1625 2174 1935 2253 principia,
1958 2194 2071 2252 per
2090 2193 2227 2232 con-

302 2256 589 2326 tubernia,
614 2256 783 2317 modo
812 2264 828 2289 ‘
852 2274 982 2313 suas
1007 2257 1290 2330 injurias?
1322 2256 1493 2314 modo
1538 2262 1554 2288 ‘
1579 2255 1869 2314 civitatum
1909 2255 2230 2313 vicinarum

300 2337 636 2411 “praemiass
667 2343 747 2402 et,
804 2334 899 2391 ubi
948 2335 1146 2408 pronis
1202 2335 1448 2391 militum
1498 2334 1734 2401 auribus
1773 2334 2228 2410 accipiebantur,
2273 2340 2280 2344 ’

300 2423 321 2449 ⁴
348 2415 530 2488 ipsius
579 2411 871 2470 exercitus
924 2412 1185 2488 pericula
1239 2411 1300 2471 et
1326 2413 1721 2472 contumelias’
1777 2418 2231 2490 conquerenteS,

306 2492 701 2550 accendebant
727 2490 965 2547 animos.
1050 2489 1180 2548 Nec
1229 2493 1435 2567 procul
1472 2492 1757 2551 seditione
1786 2494 2047 2561 aberant,
2102 2494 2236 2549 c'um

305 2569 679 2642 Hordeonius
727 2569 972 2628 Flaccus
1003 2575 1018 2602 ⁶
1064 2570 1225 2629 abire
1279 2572 1567 2645 Legatos:
1611 2580 1786 2648 utque
1824 2572 2107 2630 occultior
2148 2569 2234 2626 di-

303 2667 535 2725 gressus
564 2656 741 2719 esset,
771 2656 786 2681 ‘
818 2655 990 2709 nocte
1037 2651 1241 2708 castris
1282 2650 1599 2709 excedere'
1620 2652 1809 2726 jubet.
1897 2651 2040 2708 Inde
2068 2658 2235 2707 atrox

307 2747 527 2798 rumor,
585 2728 1012 2786 adfirmantibus
1045 2728 1370 2807 plerisque,
1401 2737 1417 2763 ‘
1447 2729 1810 2800 interfectoS,
1860 2749 1950 2800 ac,
1981 2730 2090 2789 nisi
2118 2726 2233 2804 ipsi

309 2816 325 2842 ⁴
356 2806 929 2876 consulerent,·fore,
953 2814 1013 2865 ut
1033 2809 1304 2867 acerrimi
1354 2809 1616 2879 militum,
1666 2816 1728 2867 et
1753 2810 2067 2885 praesentia
2091 2826 2231 2866 con-

310 2896 326 2922 ‘
358 2889 566 2965 questi,
596 2907 708 2964 per
728 2887 1000 2945 tenebras
1029 2895 1090 2947 et
1109 2889 1394 2951 inscitiam
1418 2895 1750 2946 ceterorum
1772 2886 2229 2947 occiderentur!

307 2968 753 3044 obstringuntur
777 2967 933 3024 inter
957 2985 1022 3024 se
1050 2968 1224 3026 tacito
1268 2964 1492 3025 foedere
1514 2967 1793 3042 legiones.
1877 2966 2236 3026 Adsciscitur

313 3046 652 3106 auxiliorum
693 3047 898 3118 miles3
944 3047 1135 3123 primo
1175 3053 1498 3122 suspectuS,
1539 3055 1849 3124 tamquam,
1870 3044 2239 3105 circumdatis

312 3128 647 3187 cohortibus
702 3128 943 3203 alisque,
998 3127 1226 3203 inpetus
1280 3126 1340 3184 in
1397 3126 1656 3202 legiones
1720 3132 2045 3202 pararetur,
2100 3141 2239 3183 mox

311 3207 515 3267 eadem
563 3208 751 3265 acrius
800 3208 1077 3265 volvens:
1123 3204 1385 3264 faciliore
1414 3205 1569 3264 inter
1612 3205 1793 3264 malos
1836 3223 2122 3264 consensu
2168 3202 2242 3262 ad

224 3298 229 3306 '
294 3286 553 3357 ⁸bellum,
582 3305 749 3364 quam
771 3285 830 3343 in
853 3304 999 3363 pace
1029 3286 1100 3343 ad
1125 3284 1516 3345 concordiam.
2131 3318 2136 3323 ·

376 3477 413 3526 a
443 3477 668 3536 Miserat,
689 3483 775 3528 etc.
842 3478 957 3527 The
1002 3477 1275 3540 Lingones,
1317 3478 1369 3527 in
1391 3477 1545 3526 token
1577 3476 1636 3525 of
1664 3475 1963 3538 friendship,
1986 3473 2087 3523 had
2120 3477 2238 3524 sent

309 3548 611 3606 presentato
632 3543 721 3591 the
746 3543 954 3606 legions,
995 3543 1114 3604 and,
1137 3543 1191 3595 iu
1226 3543 1527 3604 conformity
1550 3547 1603 3590 to
1637 3542 1776 3590 their
1815 3541 2025 3590 ancient
2061 3551 2237 3605 usage,

305 3609 393 3669 uie
415 3607 714 3676 symbolica}
735 3606 899 3675 figure
918 3607 979 3660 os
1001 3614 1107 3660 two
1128 3606 1268 3676 right
1288 3607 1454 3673 banda
1467 3607 1698 3678 clasping
1717 3605 1818 3658 one
1836 3607 2072 3657 another.
2171 3610 2179 3622 “

2339 147 2353 240 ἱ

2369 133 2394 170 J.

2383 593 2405 734 ,τε
2381 437 2405 555 z-fi·
2377 339 2405 393 τ’

2390 753 2405 1012 ,Αῌ-Ατῖ
