2459 4075
315 147 387 203 ie
902 147 973 204 e.
1020 126 1267 203 coRN.
1313 144 1650 204 TAcrrn
1809 171 1867 208 A.
1899 171 1956 210 u.
1988 171 2043 216 c.
2075 161 2212 218 οπο.

380 286 596 345 XXIV.
644 288 1035 369 Flagrantibus
1045 291 1171 366 jam
1198 291 1439 348 militum
1463 291 1665 350 animis
1686 294 1847 352 velut
1861 293 2027 356 ‘faces
2056 301 2214 359 addi·

212 445 221 454 !
296 368 461 426 derat
472 366 719 427 Maevius
743 369 994 440 PudenS,
1015 389 1049 428 e
1067 370 1347 448 proximis
1363 370 1641 445 Tigellini
1664 394 1678 429 ε
1712 373 1764 429 is
1776 376 2215 439 mobilissimum

204 457 213 466 s
294 463 587 524 quemque
612 448 866 524 ingenio,
911 456 1007 507 aut
1038 452 1313 527 pecuniae
1352 450 1626 525 indigum,
1655 454 1716 509 et
1736 452 1795 509 in
1835 473 2014 514 novas
2042 462 2208 536 cupi-

289 526 494 586 ditates
536 529 900 604 praecipitem
924 530 1266 600 adliciendo,
1306 549 1377 587 eo
1406 531 1697 604 paullatim
1730 547 2071 607 progressus
2100 548 2213 610 est,
2279 572 2298 580 v

292 614 354 665 ut
385 627 496 682 per
521 609 787 684 speciem
806 610 1082 679 convivii,
1109 609 1201 690 (y)
1228 609 1496 686 quotiens
1518 608 1705 668 Galba
1731 613 1880 687 apud
1915 614 2212 676 Othonem

289 687 650 762 epularetur,
673 690 899 747 cohorti
923 691 1195 747 excubias
1214 690 1402 764 agenti
1420 688 1636 747 viritim
1647 700 1929 756 centenos
1948 713 2210 755 nummos

287 764 614 826 divideret:
663 785 831 843 quam
857 770 1021 828 velut
1047 770 1339 845 publicam
1359 768 1718 843 largitionem
1740 771 1898 829 Otho
1926 777 2208 833 secretio-

292 846 452 903 ribus
506 846 660 923 apud
717 848 971 923 singulos
1014 843 1273 925 prae*
1319 848 1875 922 intendebatquadeo
1922 852 2229 914 animosus·

182 949 190 958 “
288 933 627 1002 corruptor,
666 934 726 983 ut
771 927 1027 986 Cocceio
1062 929 1356 1010 Proculo,⁸
1380 930 1755 1004 speculatori,
1802 930 1895 1009 (z)
1930 931 2004 989 de
2044 942 2213 1008 parte

287 1002 487 1062 finium
509 1023 640 1064 cum
683 1006 876 1064 vicino
906 1008 1238 1083 ambigenti,
1285 1008 1623 1065 universum
1651 1011 1825 1068 vicini
1852 1005 2072 1084 agrum,
2101 1032 2208 1071 sua

282 1084 531 1157 pecunia
573 1093 851 1163 emptum,
905 1087 1057 1144 dono
1098 1087 1350 1157 dederit,
1395 1107 1505 1164 per
1546 1090 1869 1148 socordiam
1905 1088 2202 1163 Praefecti,

275 1177 459 1240 ‘quem
488 1173 624 1224 nota
647 1166 873 1241 pariter
894 1174 954 1224 et
981 1167 1209 1224 occulta
1236 1167 1530 1225 fallebant:

364 1243 553 1303 XXV.
577 1245 716 1320 ,Sed
768 1252 888 1303 tum
929 1265 963 1304 e
1016 1246 1244 1303 libertis
1291 1246 1666 1304 Onomastum
1712 1246 1907 1308 futuro
1982 1249 2220 1307 sceleri

279 1322 568 1399 praefecit‚
598 1346 630 1383 a
658 1339 773 1401 quo
803 1326 1076 1383 Barbium
1125 1325 1460 1394 Proculum,
1486 1325 1893 1384 Tesserarium
1938 1325 2033 1405 (a)
2063 1329 2198 1403 spe·

276 1403 621 1473 culatorum,
676 1411 738 1463 et
763 1401 1093 1474 Veturium,
1121 1404 1439 1480 Optionem
1486 1403 1828 1472 eorundem,
1855 1406 2198 1480 perductos,

273 1489 579 1570 postquam
600 1484 774 1560 ¹vario
793 1501 1063 1558 sermone
1090 1484 1328 1542 callidos
1353 1481 1719 1559 *audacesque
1746 1484 2039 1556 cognovit,
2057 1504 2197 1561 pre-

271 1567 354 1617 tio
378 1568 438 1618 et
474 1564 772 1637 permissis
804 1570 1027 1633 onerat,
1070 1563 1199 1622 data
1226 1560 1476 1638 pecunia
1520 1565 1589 1621 ad
1618 1562 2034 1637 pertentandos
2063 1564 2192 1639 plu-

214 1667 236 1686 ·-
273 1639 425 1697 rium
446 1642 685 1699 animos.
769 1644 1101 1719 Suscepere
1142 1642 1257 1700 du'o
1277 1641 1666 1717 manipulares
1696 1640 2014 1717 Imperium
2043 1642 2190 1720 Pop.

273 1717 443 1776 Rom.
487 1720 997 1797 transferendum3
1050 1729 1110 1781 et
1154 1722 1595 1780 transtulerunt.
1679 1720 1746 1776 In
1782 1722 2194 1781 conscientiam

269 1795 542 1857 facinoris
564 1802 731 1876 pauci
746 1801 952 1860 adsciti
976 1823 989 1859 ι
1014 1819 1326 1877 suspensos
1351 1805 1688 1858 ceterorum
1705 1798 1926 1857 animos
1946 1801 2194 1859 diversis

180 1925 187 1928 .
271 1877 489 1936 artibus
517 1880 843 1938 stimulant:
888 1881 1183 1957 primores
1219 1880 1491 1947 militum,
1540 1898 1651 1955 per
1693 1878 1979 1937 beneficia
2005 1878 2189 1957 Nym-

269 1953 456 2033 phidii
493 1966 557 2018 ut
576 1967 878 2037 suspectos
903 1983 920 2019 ε
961 1963 1173 2036 vulgus
1211 1966 1272 2018 et
1298 1966 1556 2027 ceterOS,
1582 1960 1669 2015 ira
1696 1965 1757 2016 et
1781 1957 2189 2036 desperatione

261 2034 425 2128 dilati
463 2037 673 2099 totiens
699 2041 952 2100 donativi
980 2064 994 2099 ε
1026 2049 1388 2117 erant,.quos
1413 2038 1694 2096 memoria
1720 2037 1975 2096 Neronis
1997 2058 2063 2097 ac
2085 2038 2188 2097 de·

213 2159 218 2164 -
266 2117 545 2178 siderium
573 2119 788 2195 prioris
823 2121 1086 2181 licentiae
1115 2120 1508 2179 accenderet:
1538 2119 1599 2176 in
1638 2136 1944 2191 commune
1987 2135 2192 2176 omnes

265 2203 425 2255 metu
447 2201 733 2260 mutandae
751 2202 980 2262 militiae
996 2203 1391 2261 terrebantur.
2229 2201 2236 2204 ”

345 2276 569 2338 XXVI.
614 2280 823 2341 infecit
868 2301 936 2339 ea
970 2283 1133 2338 tabes
1177 2281 1468 2352 legionum
1495 2292 1728 2350 quoqne
1758 2283 1819 2332 et
1844 2276 2192 2333 auxiliorum

206 2353 219 2361 ⁸
261 2366 441 2417 motas
454 2360 578 2435 jam
605 2365 1166 2432 mentes‚postquam
1191 2357 1484 2428 vulgatum
1506 2359 1652 2418 erat,
1673 2358 1688 2383 ‘
1719 2351 1918 2408 labare
1935 2353 2182 2412 Germa-

252 2437 377 2494 nici
396 2439 691 2495 exercitus
717 2435 938 2492 fidem?
1004 2434 1287 2508 Adeoque
1310 2437 1511 2508 parata
1556 2430 1707 2504 apud
1733 2423 1911 2486 maltis
1948 2430 2181 2502 seditio,

260 2518 433 2574 etiam
460 2516 612 2592 apud
644 2516 902 2588 integros
922 2511 1298 2571 dissimulatio
1331 2508 1458 2580 fuit,
1502 2516 1565 2566 ut
1591 2515 1830 2584 postero
1852 2508 2055 2567 Iduum
2083 2511 2179 2570 die

258 2595 601 2653 redeuntem
649 2615 681 2652 a
726 2610 894 2651 coena
939 2593 1234 2650 Othonem
1272 2589 1502 2668 rupturi
1531 2588 1772 2658 fuerint,
1798 2588 1909 2646 nisi
1954 2589 2180 2649 incerta

254 2675 462 2743 noctis,
502 2681 561 2732 et
581 2682 699 2736 tota
719 2673 867 2731 urbe
904 2690 1103 2748 sparsa
1127 2671 1371 2729 militum
1400 2677 1607 2738 castra,
1635 2686 1746 2726 nec
1768 2667 1997 2726 facilem
2024 2670 2182 2728 inter

254 2755 603 2835 temulentos
645 2771 1013 2821 consensum,
1060 2751 1426 2808 timuissent:
1468 2769 1581 2806 non
1611 2747 1984 2824 Reipublicae
2010 2767 2173 2817 cura,

251 2853 421 2912 quam
448 2833 667 2891 foedare
707 2830 996 2909 Principis
1038 2831 1125 2888 sui
1174 2829 1447 2906 sanguine
1496 2827 1676 2886 sobrii
1703 2828 2023 2904 parabant3
2067 2828 2172 2885 sed

248 2934 322 2972 ne
346 2932 458 2989 per
484 2915 775 2988 tenebraS‚
800 2921 862 2970 ut
889 2912 1133 2989 quisque
1165 2909 1477 2969 Pannonici
1508 2911 1603 2966 vel
1631 2907 1968 2985 Germanici
1998 2925 2170 2965 exer·

249 2994 394 3054 citus
446 2991 722 3051 militibus
769 2992 987 3052 adlatus
1034 2996 1213 3061 esset,
1265 2989 1660 3066 ignorantibus
1692 2986 2015 3065 plerisque,
2060 3005 2175 3063 pro

248 3212 418 3277 Λέγει,
441 3227 499 3260 or
521 3212 608 3260 the
652 3210 789 3272 Alps,
814 3224 904 3258 are
928 3224 960 3256 a
980 3223 1139 3271 range
1161 3200 1219 3254 of
1250 3207 1369 3270 high
1404 3207 1692 3254 mountains
1725 3200 2018 3263 separating
2034 3199 2164 3263 Italy

246 3276 374 3326 from
430 3277 570 3326 Gaul
612 3276 712 3322 and
747 3275 1027 3335 Get-many.
1097 3271 1246 3335 They
1269 3288 1359 3321 are
1404 3271 1570 3323 called
1608 3271 1727 3330 Alps
1761 3267 1887 3315 from
1910 3266 2095 3329 Alpen,
2131 3281 2165 3314 a

247 3341 420 3392 Celtic
442 3349 571 3390 term
595 3339 670 3388 sor
693 3341 813 3402 high
837 3339 1141 3387 mount-sins.

300 3425 341 3470 y
373 3408 478 3457 Per
492 3410 694 3471 speciem
715 3408 944 3454 convivii.
1012 3403 1187 3452 Under
1209 3403 1387 3451 colour
1418 3399 1476 3449 of
1501 3415 1567 3448 an
1599 3400 1880 3447 allowance
1919 3396 2002 3446 for
2025 3395 2166 3445 their

247 3474 502 3523 convivial
529 3478 694 3534 party.
960 3510 969 3521 ,

313 3555 341 3588 2
374 3539 698 3600 Speculatori.
769 3537 811 3584 A
835 3536 1020 3583 soldier
1042 3533 1099 3581 os
1113 3535 1199 3580 the
1223 3531 1568 3595 body-guard.

312 3620 344 3653 α
383 3604 727 3654 Tesserariuffl.
796 3602 926 3665 One,
951 3601 1121 3650 w‘nose
1143 3601 1270 3662 duty
1294 3599 1336 3646 it
1356 3611 1462 3645 was
1483 3602 1538 3646 to
1557 3598 1682 3645 bear
1705 3594 1791 3644 the
1814 3591 2154 3642 walton-word

249 3673 303 3718 iio
324 3671 411 3720 the
437 3669 579 3736 night
599 3666 780 3733 guard.
