2459 4075
291 186 344 225 J.
373 184 433 225 c.
466 170 562 224 το.
765 160 1096 223 ffls'roa.
1140 161 1294 223 Lm.
1340 133 1743 235 QUARTUS.
2096 169 2207 225 183

294 320 311 346 6
342 330 481 371 num
522 309 793 371 continua
829 309 1122 370 bellorum
1168 308 1426 369 civilium
1462 310 1650 371 series
1692 316 1755 369 et
1790 308 2020 372 interna
2062 311 2215 372 malo

293 400 310 426 6
337 390 397 450 fr
472 393 692 451 'ssent.’
1148 437 1177 462 .

368 412 499 532 Ιῗὶςῖι.
540 473 693 531 Ante
720 470 919 530 Flacci
954 469 1281 530 Hordeonii
1321 469 1567 541 cadem,
1594 469 1741 529 nihil
1778 473 2071 549 prorupit,
2097 487 2214 551 quo

288 554 611 630 conjuratio
638 551 1085 627 intelligeretur.
1166 549 1487 611 Interfecto
1513 549 1878 621 Hordeonio,
1927 570 2212 625 commea·

288 650 436 691 vere
478 632 663 692 nuntii
708 633 863 691 inter
903 629 1157 690 Civilem
1199 629 1668 708 Classicumque,
1713 629 2062 692 Praefectum
2106 633 2212 692 alae

290 710 721 772 Treverorum.
805 709 1098 769 Classicus
1146 710 1443 769 nobilitate
1491 710 1811 790 opibusque
1865 719 1998 773 ante
2046 713 2212 772 alios.

290 790 537 868 Regium
563 792 650 850 illi
691 808 875 868 genus
921 795 984 879 et
1026 789 1501 881 pacebelloque
1541 790 1699 850 clara
1735 793 1961 883 origo..
2012 792 2150 870 lpse
2177 811 2216 853 e

286 874 600 1012 {²32⁸ssssss
615 870 966 1011 3333&
993 867 1206 1018 5253?
1220 863 1488 1007 3323}
1511 872 2214 1023 gzssssssff‘ffisssssszsstssz

270 1030 388 1089 -hic
414 1030 657 1110 Lingon.
741 1029 934 1089 Tutor
975 1028 1119 1105 ripae
1149 1027 1344 1086 Rheni
1367 1048 1402 1086 a
1435 1026 1676 1087 Vitellio
1714 1029 2068 1107 praefectus:
2112 1032 2214 1092 Sa.

287 1110 479 1179 binus,
502 1128 688 1187 super
710 1108 938 1168 insitam
961 1109 1295 1177 vanitatem,
1320 1106 1479 1165 falsae
1501 1107 1708 1184 stirpis.
1725 1110 1913 1188 gloria
1937 1111 2213 1171 incende·

287 1189 496 1250 batur:
543 1188 940 1266 {provinciam
982 1206 1144 1246 suam
1173 1187 1253 1245 D.
1299 1186 1481 1256 Julio‚
1529 1206 1642 1264 per
1680 1188 1898 1247 Gallias
1945 1189 2210 1264 bellanti,

292 1274 310 1302 6
339 1267 1106 1346 corpore-atqueadulterio
1131 1266 1458 1345 placuisse)
1543 1266 1622 1325 Hi
1664 1268 1912 1328 secretis
1930 1271 2213 1330 sermoni-

288 1347 397 1406 bus
417 1351 634 1410 animos
654 1356 991 1408 ceterorum
1010 1347 1256 1407 scrutari
1280 1367 1295 1405 ε
1339 1345 1464 1417 ubi,
1486 1365 1631 1424 quos
1651 1346 1892 1410 idoneos
1915 1350 2215 1421 rebantur,

284 1429 644 1492 conscientia
668 1429 1071 1500 obsti-iuxere,
1086 1427 1146 1485 in
1193 1424 1422 1486 colonia
1440 1427 1852 1505 Agrippinensi
1897 1429 2218 1489 in'domum

192 1571 201 1577 ,
286 1507 569 1585 privatam
616 1509 1005 1572 conveniunt:
1051 1523 1180 1566 nam
1208 1505 1445 1586 publice
1474 1506 1689 1566 ‘civitas
1730 1507 1939 1567 talibus
1966 1509 2215 1586 inceptis

287 1588 675 1648 abhorrebat:
722 1593 973 1648 attamen
999 1586 1322 1648 interfuere
1360 1585 1587 1664 quidam
1615 1586 1902 1647 Ubiorum
1941 1588 2214 1666 Tungro-

287 1685 559 1747 rumque.
641 1667 758 1727 Sed
798 1669 1048 1745 plurima
1086 1667 1177 1727 vis
1211 1685 1399 1745 penes
1436 1665 1839 1727 Treverosac
1884 1668 2213 1745 Lingonas:
2251 1691 2258 1699 ·

290 1747 385 1885 (13)
405 1768 518 1808 nec
556 1749 747 1807 tulere
795 1766 986 1807 moras
1010 1746 1432 1807 consultandi:
1497 1748 1764 1807 certatim
1804 1749 2207 1826 proclamant:

289 1836 307 1864 6
360 1848 538 1899 urere
570 1827 874 1887 discordiis
897 1828 1184 1906 Populum
1205 1826 1550 1896 Romanum,
1569 1845 1754 1886 caesas
1777 1828 2059 1903 legiones,
2081 1848 2211 1891 vas·

289 1913 308 1944 6
336 1914 507 1967 tatam
549 1908 788 1979 ltaliam,
824 1911 954 1986 capi
981 1927 1114 1967 cum
1139 1906 1388 1965 maxime
1430 1907 1662 1978 urbem,
1689 1926 1894 1968 omnes
1918 1911 2213 1976 exercitus

291 1994 307 2021 ‘
336 1989 454 2048 suis
473 1999 762 2066 quemque
780 1988 952 2047 bellis
977 1987 1226 2047 detineri
1258 2010 1278 2046 ι
1312 1989 1360 2046 si
1379 1987 1564 2064 Alpes
1578 1988 1869 2064 proesidiis
1887 1989 2214 2064 firmentur,

287 2075 308 2105 6
335 2069 542 2128 coalita
561 2067 856 2138 libertate,
882 2068 1245 2149 dispecturas
1270 2067 1510 2139 Gallias,
1538 2086 1710 2143 quem
1744 2067 1957 2127 virium
1985 2088 2217 2132 suarum

286 2155 305 2186 6
336 2149 647 2208 terminum
673 2147 902 2206 velint?
1267 2172 1272 2179 ·

365 2226 522 2286 LVI.
566 2227 716 2286 Haec
742 2227 896 2286 dicta
921 2225 1145 2304 pariter
1189 2226 1585 2304 probataque:
1628 2225 1705 2283 de
1732 2226 1993 2302 reliquiis
2021 2226 2210 2289 Vitel-

282 2307 420 2366 liani
469 2308 764 2367 exercitus
789 2307 1151 2366 dubitavere.
1236 2305 1516 2382 Plerique
1545 2311 1563 2339 6
1593 2305 2046 2367 interficiendos’
2074 2328 2214 2368 cen·

284 2389 513 2456 sebam,
542 2395 559 2423 ‘
590 2389 873 2459 turbidos,
894 2386 1124 2456 infidos,
1150 2385 1421 2463 sanguine
1446 2386 1655 2445 ducum
1682 2387 1974 2463 pollutos?
2058 2386 2214 2449 Vicit

287 2468 434 2527 ratio
453 2468 729 2545 parcendi
753 2489 768 2526 z
814 2476 832 2502 6
855 2486 954 2538 ne,
981 2468 1203 2526 sublata
1227 2485 1336 2544 spe
1357 2464 1571 2536 veniae,
1600 2466 1978 2542 pertinaciam
2005 2486 2210 2528 acce-n-

289 2557 307 2582 ‘
337 2548 565 2609 derent.
649 2547 1020 2608 Adliciendos
1049 2548 1242 2627 potius
1288 2547 1346 2604 in
1389 2545 1750 2604 societatem.
1833 2545 2061 2622 Legatis
2089 2558 2212 2607 tan·

288 2634 307 2662 ‘
332 2636 452 2687 tum
509 2628 801 2704 legionum
856 2626 1209 2699 interfectiS,
1255 2634 1518 2685 ceterum
1566 2626 1788 2701 vulgus,
1856 2629 2213 2689 conscientia

288 2714 304 2742 6
330 2709 628 2767 scelerum
648 2715 711 2769 et
727 2727 834 2785 spe
857 2707 1207 2785 inpunitatis,
1229 2704 1400 2765 facile
1426 2706 1843 2765 accessurum-⁹
1925 2705 2014 2767 Ea
2037 2711 2211 2785 pr-imi

286 2787 514 2846 consilii
534 2788 757 2848 forma:
802 2788 1074 2865 missique
1112 2806 1224 2865 per
1258 2786 1476 2845 Gallias
1516 2786 1845 2845 concitores
1877 2787 2040 2847 belli.
2126 2789 2213 2850 Si·

286 2867 558 2927 mulatum
575 2868 716 2946 ipsis
739 2870 1103 2943 obsequium,
1141 2884 1259 2944 quo
1285 2865 1664 2926 incautiorem
1696 2865 1982 2926 Voculam
2012 2873 2212 2962 oppri-

286 2955 539 3007 merent.
622 2949 678 3007 N
685 2969 754 3009 ec
775 2948 1043 3016 defuere,
1065 2947 1161 3021 qui
1189 2945 1437 3005 Vocula
1475 2946 1823 3009 nuntiarent.
1909 2947 2025 3005 Sed
2050 2967 2214 3010 vires

289 3027 360 3084 ad
375 3031 766 3098 coercendum
783 3027 1047 3094 deerant,
1065 3025 1528 3102 infrequentibus
1548 3023 1856 3100 infidisque
1868 3025 2213 3100 legionibus.

291 3105 455 3166 luter
490 3110 790 3186 ambiguos
822 3104 1047 3166 milites
1072 3111 1135 3162 et·
1154 3106 1411 3163 occultos
1440 3101 1661 3165 hosteS.
1691 3104 1968 3179 optimum
1993 3125 2026 3164 e
2054 3126 2209 3185 prae-

250 3240 267 3255 ,
287 3187 566 3259 sentibus,
605 3197 762 3249 ratus
781 3194 972 3246 mutua
997 3183 1448 3244 dissimulatione
1478 3188 1539 3240 et
1558 3181 1783 3249 iisdem,
1812 3185 2018 3260 quibus
2045 3200 2212 3265 pete.

287 3266 477 3337 batur,
490 3269 729 3340 artibus,
750 3267 995 3346 grassari
1014 3286 1029 3341 ;
1072 3265 1132 3325 in
1159 3264 1443 3324 coloniam
1466 3262 1949 3340 Agrippinensem
1967 3266 2211 3330 descen-

269 3458 278 3465 ·
332 3400 392 3481 ’.ἢ
426 3422 678 3476 Ubiorum.
712 3424 1089 3484 Seethisbook,
1109 3440 1147 3474 s.
1168 3423 1355 3475 xxviii.
1372 3427 1508 3482 note,
1526 3421 1631 3484 (ιι.)
1702 3422 1817 3471 The
1835 3423 2040 3491 Tungri
2066 3443 2209 3480 were

288 3507 323 3541 a
356 3490 538 3554 people
573 3491 632 3540 of
660 3492 854 3557 Belgis.
923 3492 1085 3541 Their
1116 3492 1236 3553 eity.
1281 3488 1509 3541 accordin
1585 3496 1639 3539 to
1679 3487 1867 3547 emar,
1900 3506 2006 3541 was
2042 3496 2207 3544 called

288 3557 509 3615 stiuam,
531 3571 649 3605 now
665 3557 943 3624 Tongcrsn,
962 3556 1014 3605 in
1028 3557 1116 3606 the
1133 3556 1426 3621 bisboprick
1447 3558 1505 3607 os
1547 3558 1548 3561 ’
1574 3557 1703 3622 iege.
1770 3555 1871 3604 For
1885 3557 1974 3605 the
1994 3557 2209 3616 Treveri,

1527 3616 1540 3627 ο

284 3637 372 3672 see
395 3623 532 3671 book
552 3622 587 3672 i.
609 3638 648 3671 s.
669 3624 751 3672 63.
773 3630 908 3680 note,
930 3622 1024 3687 (ο.)
1093 3623 1210 3673 The
1231 3625 1490 3688 Lingones
1522 3635 1661 3671 were
1690 3620 1921 3684 apeople
1941 3621 2001 3675 of
2027 3620 2206 3686 Belgie

287 3689 451 3749 Gaul,
469 3688 752 3756 inhabiting
764 3690 852 3740 the
866 3692 1079 3754 conati-y
1093 3688 1253 3741 about
1266 3689 1496 3758 Lamgm
1515 3686 1616 3738 and
1629 3686 1816 3753 Dijon.
