2459 4075
314 157 396 220 44
910 162 984 222 C.
1029 161 1275 235 CORN.
1321 161 1628 222 TAcl‘rl.
1828 182 1887 224 Α.
1918 180 1979 222 u.
2008 179 2064 223 e.
2091 165 2234 223 821.

316 266 507 366 motuis
551 287 701 366 novi*
724 306 1036 385 cupidum:
1082 315 1144 368 et
1169 308 1450 386 obsequia
1487 307 1790 367 meliorum
1842 326 1960 366 nox
1986 310 2241 369 abstule-

317 393 437 445 rat:
483 386 851 447 resistentem
877 388 1147 447 seditioni
1181 390 1508 447 Tribunum
1552 395 1615 447 et
1639 386 2038 447 severissimos
2080 388 2244 450 Cen·

317 466 612 525 turionum
638 469 1013 527 obtruncant:
1060 476 1223 545 rapta
1250 488 1427 538 arma,
1467 467 1662 528 nudati
1688 466 1879 543 gladii,
1927 467 2248 528 insidentes

318 545 484 623 equis
512 548 718 608 urbem
749 567 815 608 ac
841 549 1113 626 palatium
1140 556 1362 626 petunt.
1617 581 1622 586 -

399 623 672 687 LXXXI.
714 628 856 687 Erat
905 630 1123 688 Othoni
1172 630 1419 688 celebre
1484 627 1837 696 convivium,
1890 625 2250 703 primoribus

316 703 546 764 feminis
587 684 882 786 virisque:
928 729 1027 785 qui
1053 709 1291 787 trepidi,
1318 708 1662 771 fortuitusne
1688 708 1931 766 militum
1958 705 2145 775 furor,
2174 727 2252 766 an

319 785 488 843 dolus
543 785 936 864 imperatorie,
979 807 1218 849 manere
1266 808 1333 849 ac
1374 788 1760 865 deprehendi,
1810 806 1882 844 an
1928 784 2133 861 sugere
2177 805 2247 846 ac

318 864 599 941 dispergi,
637 868 1021 945 periculosius
1073 868 1227 928 foret
1249 869 1479 941 ;“modo
1526 868 1902 928 constantiam
1946 867 2244 936 simulare,

317 944 489 1002 modo
511 942 816 1007 formidine
838 949 1052 1025 detegi,
1074 950 1244 1008 simul
1260 947 1507 1008 Othonis
1529 949 1753 1007 vultum
1769 945 1981 1005 intueri
2003 968 2019 1004 ε
2065 956 2246 1021 utque

319 1023 541 1094 evenit,
555 1025 838 1088 inclinatis
852 1029 925 1087 ad
939 1029 1330 1107 suspicionem
1346 1029 1657 1097 mentibus,
1669 1046 1802 1086 cum
1819 1027 2053 1087 timeret
2064 1025 2247 1098 Otho,

318 1103 652 1165 timebatur.
737 1109 853 1168 Sed
888 1105 1037 1168 hau'd
1064 1128 1233 1169 secus
1261 1109 1590 1167 discrimine
1620 1109 1884 1176 Senatus,
1933 1124 2102 1182 quam
2137 1122 2247 1163 suo

319 1185 580 1257 territus,
599 1196 660 1249 et
676 1187 995 1248 Praefectos
1017 1189 1287 1250 Praetorii
1308 1190 1378 1247 ad
1395 1187 1725 1266 mitigandas
1740 1186 1985 1245 militum
1999 1185 2115 1243 iras
2136 1191 2245 1243 sta·

319 1264 428 1322 tim
476 1268 730 1345 miserat,
758 1277 818 1328 et
846 1277 861 1303 ‘
894 1270 1055 1327 abire
1102 1289 1362 1346 propere
1406 1289 1605 1328 omnes
1635 1288 1669 1327 e
1717 1265 2011 1327 convivio’
2047 1264 2240 1340 jussit.

323 1344 478 1402 Tum
504 1367 644 1405 vero
664 1350 876 1424 passim
895 1349 1281 1423 Magistratus,
1300 1350 1578 1426 projectis
1595 1347 1930 1424 insignibus,
1949 1346 2123 1404 vitata
2149 1362 2245 1402 co·

320 1424 523 1482 mitum
560 1436 620 1484 et
644 1444 951 1486 servorum
978 1427 1325 1506 frequentia,
1352 1448 1524 1488 senes
1550 1428 1919 1505 feminaeque,
1947 1443 2061 1502 per
2086 1431 2248 1483 tene-

318 1503 476 1572 bras,
489 1504 720 1564 diversa
743 1507 903 1564 urbis
919 1506 1149 1582 itinera,
1169 1510 1285 1567 rari
1302 1509 1524 1578 domos,
1540 1509 1773 1586 plurimi
1796 1506 2112 1566 amicorum
2126 1511 2252 1562 tec·

246 1557 303 1608 ι’
321 1588 403 1652 ta,
422 1591 503 1650 et,
525 1591 582 1640 ut
601 1586 813 1663 cuique
831 1585 1184 1646 humillimus
1201 1590 1408 1659 cliens,
1425 1589 1675 1648 incertas
1691 1589 1944 1646 latebras
1961 1584 2252 1663 petivere.

404 1661 710 1722 Lxxxu.
759 1665 1007 1724 Militum
1056 1669 1287 1745 inpetus
1345 1689 1421 1728 ne
1475 1668 1697 1727 foribus
1760 1666 1995 1744 quidem
2051 1664 2250 1743 palatii

328 1755 646 1815 coercitus,
676 1765 790 1822 quo
810 1748 997 1808 minus
1023 1749 1357 1808 convivium
1394 1750 1821 1825 inrumperent,
1846 1757 1862 1781 ⁸
1895 1743 2122 1804 ostendi
2144 1743 2254 1801 sibi

326 1829 344 1855 ‘
369 1820 685 1910 Othonem’
725 1829 1197 1903 expostulantes:
1245 1830 1551 1887 vulnerato
1576 1828 1736 1887 Julio
1780 1826 2074 1895 Martiale,
2112 1823 2252 1906 Tri·

322 1902 504 1970 bum),
526 1913 587 1961 et
617 1904 856 1964 Vitellio
894 1908 1222 1979 Saturnian,
1267 1908 1557 1968 Praefecto
1591 1906 1857 1984 legionis,
1901 1906 2037 1965 dum
2077 1922 2252 1961 ruen-

324 1981 478 2040 tibus
519 1986 817 2044 obsistunt.
904 1985 1175 2064 Undique
1204 2008 1363 2047 arma
1399 1995 1460 2047 et
1494 1988 1688 2059 minae,
1732 1987 1903 2045 modo
1930 1986 1987 2044 in
2027 1983 2248 2051 Centue

326 2062 523 2122 riones
562 2063 1000 2143 ‘Tribunosquffi
1043 2069 1212 2127 modo
1256 2070 1315 2126 in
1359 2070 1631 2129 Senatum
1668 2068 2044 2126 universum:
2105 2066 2254 2142 lym·

322 2143 513 2218 phatis
543 2166 701 2205 caeco
729 2167 950 2223 pavore
992 2149 1212 2219 animis,
1258 2157 1338 2220 et,
1380 2149 1513 2226 quia
1540 2148 1829 2207 neminem
1866 2165 2044 2205 unum
2076 2143 2253 2202 desti-

325 2242 467 2281 nare
495 2227 599 2285 irae
631 2235 917 2304 poterant,
954 2229 1246 2287 licentiam
1273 2231 1333 2287 in
1376 2248 1575 2286 omnes
1606 2227 2021 2305 poscentibus:
2066 2225 2256 2283 donec

329 2301 508 2375 0th0,
548 2317 751 2366 contra
786 2309 966 2365 decus
1012 2309 1274 2384 imperii,
1323 2310 1506 2365 thoro
1544 2308 1836 2376 insistenS,
1879 2304 2155 2383 precibus
2194 2310 2255 2362 et

328 2385 600 2463 lacrymis
654 2406 810 2459 aegre
866 2386 1166 2445 cohibuit:
1228 2388 1648 2464 redieruntque
1702 2387 1761 2444 in
1818 2393 2010 2444 castra
2063 2383 2252 2454 inviti,

327 2485 523 2541 neque
552 2469 911 2523 innocentes.
999 2464 1242 2524 Postera
1281 2467 1397 2535 die,
1436 2468 1600 2526 velut
1625 2472 1792 2545 capta
1827 2467 2000 2535 urbe,
2036 2465 2254 2523 clausae

329 2545 566 2602 domus:
610 2564 797 2625 ‘rarus
855 2563 968 2620 per
1009 2545 1128 2603 vias
1167 2547 1459 2623 populus;
1518 2555 1739 2606 moesta
1779 2548 1989 2623 plebs;
2034 2542 2254 2620 dejecti

328 2627 387 2687 in
423 2634 638 2682 terram
666 2625 910 2682 militum
947 2626 1161 2694 vultus,
1201 2646 1268 2683 ac
1304 2628 1436 2703 plus
1463 2625 1736 2692 tristitiae,
1776 2645 1946 2702 quam
1968 2623 2255 2701 poeniten·

331 2704 448 2765 tiae.
535 2704 932 2779 Manipulatim
973 2705 1221 2765 adlocuti
1259 2714 1392 2764 sunt
1418 2706 1674 2765 Licinius
1710 2705 1993 2765 Proculus
2022 2711 2083 2762 et
2119 2703 2256 2762 Plo·

331 2783 444 2846 tius
483 2783 735 2869 Firmus,
765 2783 1060 2855 Praefecti‚
1104 2804 1178 2843 ex
1205 2805 1312 2844 suo
1355 2786 1601 2862 quisque
1643 2786 1873 2861 ingenio
1919 2783 2113 2843 mitius
2159 2789 2258 2842 aut

327 2862 645 2925 horridiusss
725 2863 884 2922 Finis
911 2866 1194 2922 sermonis
1222 2866 1282 2923 in
1304 2884 1398 2937 e0,
1442 2874 1506 2924 ut
1542 2866 1715 2942 quina
1739 2865 1919 2924 millia
1954 2863 2254 2924 nummum

329 2944 568 3019 singulis
595 2943 868 3002 militibus
897 2955 1362 3007 numerarentur.
1449 2946 1605 3005 Tum
1632 2946 1789 3005 Otho
1818 2945 2044 3021 ingredi
2066 2951 2256 3003 castra

333 3044 540 3086 ausus:
586 3036 758 3101 atque
788 3024 949 3083 illum
975 3025 1230 3084 Tribuni
1259 3026 1769 3105 Centurionesque
1797 3025 2255 3092 circumsistunt,

333 3106 572 3182 abjectis
613 3106 834 3166 militiae
877 3106 1213 3181 insignibus,
1256 3115 1271 3140 ‘
1303 3107 1480 3166 otium
1524 3114 1585 3165 et
1611 3106 1875 3167 salutem’
1913 3103 2256 3179 flagitante&

333 3187 526 3245 Sensit
564 3186 835 3244 invidiam
864 3186 1057 3255 mileS,
1096 3195 1156 3245 et
1193 3187 1547 3265 compositus
1584 3188 1642 3247 in
1684 3185 2052 3262 obsequium,
2077 3190 2093 3217 ‘
2119 3202 2255 3243 nuc-

334 3274 535 3328 ‘tores
557 3266 855 3324 seditionis
874 3267 944 3324 ad
963 3268 1338 3343 supplicium’
1367 3269 1523 3326 ultro
1546 3269 1891 3344 postulabat.

414 3345 749 3403 LXXXIII.
795 3346 975 3415 Otho,
1015 3366 1361 3424 quamquam
1398 3347 1647 3407 turbidis
1690 3349 1869 3407 rebus
1906 3352 1969 3404 et
2002 3343 2257 3405 diversis

334 3427 578 3486 militum
608 3425 830 3494 animis,
851 3445 985 3484 cum
1023 3427 1275 3503 optimus
1305 3429 1550 3505 quisque
1575 3437 1589 3462 ‘
1632 3427 1957 3485 remedium
1993 3442 2257 3502 praesen·

336 3515 353 3541 ‘
384 3507 457 3565 tis
483 3504 756 3562 licentiae’
804 3512 1078 3581 posceret
1105 3529 1141 3577 3.
1166 3509 1373 3582 vulgus
1407 3515 1468 3565 et
1508 3507 1733 3583 plures,
1771 3505 2153 3564 seditionibus
2197 3510 2264 3560 et

335 3584 636 3645 ambitioso
682 3582 937 3661 Imperio
979 3586 1121 3656 laeti,
1170 3605 1282 3663 per
1323 3590 1519 3646 turbas
1555 3595 1622 3645 et
1678 3593 1876 3663 raptus
1919 3584 2145 3642 facilius
2184 3582 2262 3641 ad

330 3666 512 3726 civile
557 3664 781 3723 bellum
825 3664 1299 3744 inpellerentur:
1343 3667 1516 3726 simul
1556 3674 1856 3747 reputans,
1903 3683 2020 3724 non
2077 3680 2260 3740 posse

62 3732 141 3819 R
