2459 4075
63 0 2397 54 m

103 375 121 858 ὲ

286 233 434 292 mc.
461 231 560 292 68.
802 224 1133 285 HISTOR:
1173 223 1324 284 LIB.
1371 221 1695 282 PRIMUS.
2120 224 2200 282 35

258 376 575 453 dirimam:
619 392 754 433 mox
797 373 925 431 rixa
949 371 1040 451 (q)
1087 373 1246 431 inter
1282 372 1528 430 Batavos
1549 377 1611 428 et
1655 366 2025 443 legionarios,
2071 367 2206 426 dum

290 456 379 514 his
417 466 512 513 aut
536 455 653 513 illis
674 454 862 513 studia
887 455 1128 511 militum
1173 454 1576 528 adgregantur,
1605 467 1796 527 prope
1846 448 1904 505 in
1932 447 2205 523 proelium

281 549 561 593 exarsere
585 557 600 606 3
645 535 704 592 ni
733 533 955 592 Valens
983 533 1481 592 animadversione
1509 548 1828 607 paucorum
1858 526 2069 585 oblitos
2089 527 2209 601 jam

284 615 535 673 Batavos
582 613 812 691 imperii
861 614 1264 671 admonuisset.
1366 613 1611 670 Frustra
1661 610 1940 668 adversus
1989 606 2212 664 AEduos

281 695 534 770 quaesita
553 696 695 752 belli
732 713 964 753 caussa:
999 694 1148 768 jussi
1167 702 1183 727 ‘
1212 692 1523 770 pecuniam
1550 698 1722 767 atque
1751 708 1908 748 arma
1925 685 2211 755 deferre‚'

282 774 569 849 gratuitos
605 774 848 850 insuper
887 781 1239 832 commeatus
1276 774 1630 849 praebuere:
1673 769 1831 847 quod
1873 767 2052 825 AEdui
2096 765 2213 823 sor·

284 854 527 922 midine,
557 852 651 932 (r)
687 854 1103 929 Lugdunenses
1130 853 1334 927 gaudio
1362 851 1586 911 fecere.
1669 852 1787 909 Sed
1834 849 1987 924 legio
2019 847 2222 904 Italica

283 941 347 992 et
366 935 459 991 ala
499 933 756 992 Taurina
777 934 1062 991 abductae.
1147 932 1466 990 Cohortem
1509 929 2036 990 duodevicesimam
2065 926 2217 1001 Lug·

281 1012 447 1083 duni,
476 1014 659 1071 solitis
684 1013 798 1070 sibi
844 1013 1149 1080 hibernis,
1171 1013 1426 1088 relinqui
1471 1012 1711 1088 placuit.
1796 1010 2046 1066 Manlius
2095 1005 2214 1065 Va-

282 1092 440 1162 lens,
460 1093 711 1167 Legatus
739 1092 953 1149 ltalicae
980 1092 1250 1165 legioniS,
1293 1109 1635 1167 quamquam
1675 1093 1828 1148 bene
1854 1089 1927 1145 de
1956 1087 2218 1165 partibus

287 1171 563 1237 meritus,
603 1170 764 1226 nullo
805 1170 959 1243 apud
982 1169 1291 1226 Vitellium
1330 1172 1562 1226 'honore
1603 1167 1746 1226 fuit:
1793 1169 2037 1225 secretis
2084 1184 2221 1226 eum

291 1247 793 1307 criminationibus
836 1246 1210 1304 infamaverat
1228 1247 1443 1304 Fabius
1469 1247 1729 1320 ignarum
1771 1252 1852 1315 et,
1882 1265 1996 1321 quo
2022 1247 2217 1305 incau-

291 1327 418 1385 fior
443 1327 843 1403 deciperetur,
866 1327 1054 1402 palam
1070 1326 1380 1385 laudatum.

377 1406 569 1465 LXV.
617 1406 896 1465 Veterem
934 1407 1091 1464 inter
1144 1406 1558 1482 Lugdunenses
1609 1405 2093 1483 Viennen'sesque
2137 1405 2221 1487 (s)

268 1485 643 1544 ‘discordiam
670 1485 1000 1563 proximum
1045 1486 1265 1544 bellum
1292 1488 1675 1548 accenderat:
1721 1489 1921 1546 multae
1968 1488 2221 1547 invicem

285 1563 513 1636 clades,
535 1566 802 1624 crebrius
827 1565 1230 1644 infestiusque,
1262 1587 1433 1645 quam
1459 1576 1522 1627 ut
1560 1577 1779 1629 tantum
1805 1577 2056 1646 propter
2094 1566 2218 1627 Ne-

288 1662 502 1706 ronem
527 1645 904 1722 -Galbamque
944 1654 1319 1723 pugnaretur.
1401 1648 1477 1707 Et
1502 1651 1687 1708 Galba
1728 1648 1949 1707 reditus
1987 1648 2218 1723 Lugdu·

284 1726 583 1794 nensium,
624 1727 934 1785 occasione
980 1728 1110 1793 irae,
1158 1727 1217 1785 in
1259 1727 1465 1786 fiscum
1514 1737 1813 1789 verterat:
1871 1727 1956 1807 (t)
2005 1728 2220 1786 multus

281 1814 500 1867 contra
522 1805 582 1863 in
614 1805 979 1866 Viennenses
1009 1808 1237 1880 honor3
1280 1806 1436 1866 und‘e
1477 1810 1768 1870 aemulatio
1810 1816 1872 1867 et
1912 1807 2133 1867 invidia
2159 1812 2222 1866 et

286 1906 409 1945 une
448 1904 622 1944 amne
667 1886 935 1958 discretis
979 1885 1079 1965 (a)
1107 1906 1436 1947 connexum
1479 1891 1693 1948 odium.
1781 1889 1964 1964 igitur
1988 1886 2220 1963 Lugdu-

285 1985 506 2025 nenses
532 1966 906 2026 exstimulare
931 1966 1187 2043 singulos
1229 1967 1498 2041 militum,
1531 1978 1598 2028 et
1622 1970 1687 2027 in
1707 1969 2083 2027 eversionem
2111 1965 2218 2025 Vi-

286 2046 642 2109 ennensium
668 2047 1001 2121 impellere,
1031 2056 1047 2081 ‘
1083 2048 1380 2106 obsessam
1406 2051 1478 2107 ab
1531 2051 1649 2109 illis
1692 2050 1981 2108 coloniam
2023 2065 2212 2137 suam,

254 2133 309 2161 *‘
339 2122 573 2203 adjutos
610 2123 871 2183 Vindicis
918 2135 1180 2195 conatus,
1222 2129 1581 2205 conscriptas
1622 2146 1816 2205 nuper
1856 2127 2118 2203 legiones
2161 2145 2223 2184 in

291 2213 309 2241 ⁶
338 2203 691 2283 praesidium
725 2203 951 2260 Galbae’
989 2203 1337 2263 referendo:
1403 2213 1486 2277 et,
1535 2208 1636 2264 ubi
1683 2225 1910 2265 caussas
1958 2206 2225 2263 odiorum

286 2281 761 2363 praetenderant,
817 2282 1264 2357 magnitudinem
1309 2286 1527 2362 praedae
1578 2285 1976 2345 ostendebant.
2090 2284 2223 2343 Nec

278 2368 416 2444 jam
462 2369 693 2422 secreta
745 2362 1095 2434 exhortatio,
1143 2365 1248 2423 sed
1287 2367 1538 2442 publicae
1586 2383 1839 2444 preces:
1886 2370 1903 2399 ‘
1935 2365 2100 2421 Irent
2139 2365 2224 2421 ul-

295 2454 313 2482 ‘
342 2452 532 2513 tores,
557 2442 969 2501 exscinderent
1015 2444 1217 2503 sedem
1265 2447 1477 2506 Gallici
1497 2448 1676 2506 belli:
1720 2453 1928 2504 cuncta
1975 2443 2095 2501 illic
2121 2461 2226 2502 ex·
2269 2472 2278 2479 2

296 2533 313 2565 ⁴
343 2531 515 2582 terna
551 2530 612 2582 et
652 2522 920 2581 hostilia:
964 2542 1033 2581 se
1076 2524 1363 2583 coloniam
1410 2527 1725 2586 Romanam
1766 2525 1861 2609 (v)
1891 2532 1951 2584 et
1996 2531 2225 2601 partem

298 2612 316 2640 ⁴
342 2602 641 2663 exercitus
669 2609 732 2662 et
765 2620 1186 2680 prosperarum
1211 2605 1705 2684 adversarumque
1751 2608 1951 2665 rerum
1989 2606 2214 2663 socios:

301 2692 320 2720 ‘
347 2682 400 2741 si
426 2681 655 2740 fortuna
679 2690 886 2741 contra
911 2682 1098 2752 daret,
1124 2685 1286 2743 iratis
1313 2706 1388 2746 ne
1416 2688 1942 2764 relinquerentur.’

287 2838 299 2845 ·
384 2760 601 2823 LXVI.
645 2761 754 2821 His
795 2770 856 2821 et
882 2763 1147 2849 pluribus
1174 2765 1234 2823 in
1262 2767 1511 2828 eundem
1537 2768 1792 2838 modum,
1817 2769 2220 2847 perpulerant,

378 2955 411 3003 q
442 2939 648 3003 Jurgia,
672 2941 896 3003 disputes
912 2957 972 2991 or
993 2943 1325 3009 opprobrious
1346 2945 1512 2995 words
1533 2962 1546 3003 ;
1579 2948 1713 3008 rixa,
1740 2947 1993 3010 quari-eis.

368 3021 401 3053 r
429 3004 892 3068 AEduisomidine.
963 3009 1192 3059 Because
1216 3011 1337 3074 they
1355 3012 1457 3060 had
1478 3011 1725 3061 favoured
1749 3012 1935 3060 Galba.
2003 3010 2220 3079 Lugdu·

305 3083 479 3184 οὗεῃιὲε
493 3071 700 3133 gaudio,
740 3073 957 3125 because
989 3077 1112 3139 ⁴they
1134 3077 1235 3125 had
1274 3077 1405 3125 been
1441 3079 1660 3139 opposed
1682 3083 1735 3126 to
1755 3078 1877 3126 both
1914 3078 2084 3129 Galba
2117 3080 2221 3132 aud

360 3150 411 3184 in
452 3148 534 3184 ex.

368 3217 392 3250 ε
409 3199 727 3263 Viennenses,
743 3205 830 3254 the
847 3205 1160 3271 inhabitants
1175 3205 1233 3255 of
1248 3206 1465 3269 Vienna,
1482 3221 1509 3256 a
1537 3209 1642 3273 city
1659 3207 1717 3254 os
1730 3205 2024 3262 Narbonese
2043 3205 2184 3257 Gaul
2208 3225 2222 3267 ς

305 3278 419 3315 now
444 3266 639 3330 Vienne
675 3269 973 3334 Dauphirre.
1014 3284 1017 3287 ·
1277 3294 1284 3295 ff

368 3338 388 3380 t
419 3332 533 3380 'Phe
555 3335 736 3396 people
748 3335 806 3383 os
818 3335 987 3397 Lyonn
1009 3335 1189 3398 waged
1206 3349 1318 3384 war
1336 3334 1530 3399 against
1556 3335 1776 3397 Vindex,
1794 3335 1895 3384 and
1912 3351 1977 3385 on
1998 3337 2112 3386 that
2132 3352 2220 3388 ac-

308 3402 463 3445 count
481 3396 652 3446 Galba
673 3401 822 3455 made
841 3401 980 3449 them
997 3399 1100 3448 seel
1117 3402 1197 3450 his
1212 3406 1545 3450 resentment.

371 3476 410 3510 u
443 3460 559 3510 The
579 3463 725 3513 citios
745 3465 803 3514 of
827 3465 996 3526 Lyons
1035 3466 1138 3514 and
1159 3465 1361 3514 Vienna
1399 3481 1540 3516 were
1577 3464 1849 3530 separated
1872 3467 1938 3532 hy
1960 3469 2049 3515 the
2073 3468 2217 3517 river

308 3524 586 3576 Rhodanus
610 3545 624 3584 ς
657 3544 774 3579 now
793 3531 882 3580 the
906 3531 1105 3580 Rhene.
1901 3547 1906 3551 ’

368 3608 398 3640 v
429 3592 496 3641 Se
524 3596 764 3645 coloniam
786 3596 1076 3646 Romanam.
1142 3599 1180 3646 i.
1199 3611 1243 3645 e.
1266 3598 1466 3654 worthy
1489 3597 1545 3644 os
1573 3598 1662 3654 the
1701 3611 1881 3652 name:
1915 3596 1993 3642 sor
2013 3594 2214 3641 Vienne

304 3669 407 3707 was
423 3659 530 3706 also
551 3672 584 3706 a
607 3660 805 3711 Roman
829 3663 1028 3723 colony,-
1047 3663 1141 3709 but
1157 3661 1321 3723 there,
1345 3668 1522 3710 cuncta
1539 3669 1741 3711 exter-na
1759 3669 1802 3710 et
1824 3660 2027 3708 hostilia
2044 3673 2064 3709 ὅ
2103 3664 2220 3705 00,ss-

308 3725 575 3807 ‚sequently
598 3726 721 3795 they
743 3727 844 3777 had
866 3726 1100 3781 son-teitau
1130 3725 1271 3787 their
1286 3728 1463 3786 claims
1483 3731 1536 3775 to
1557 3725 1658 3773 this
1674 3737 1842 3782 name:
