2459 4075
232 143 339 213 '²48
748 183 751 186 -
838 147 910 207 c.
957 143 1203 214 οοιιΝ.
1252 96 1558 210 merri.
1783 150 2176 222 ammam.
2255 97 2270 114 ’

254 310 383 364 nun,
404 292 624 352 Marius
650 289 882 364 Celsus,
908 294 1120 354 Annius
1153 293 1377 364 Gallus,
1405 302 1672 355 rectores
1692 294 1978 355 destinati.
2066 292 2186 353 Sed

256 374 508 449 plurima
546 372 692 434 fides
733 374 956 434 Licinio
986 374 1261 446 Proculo,
1301 367 1572 434 Praetorii
1617 374 1948 434 Praefecto:
1993 375 2044 433 is
2080 393 2183 432 ur·

252 454 421 514 banae
442 454 704 514 militiae'
690 454 941 531 inpiger,
967 455 1259 513 bellorum
1281 457 1561 526 insolens,
1583 455 1980 514 auctoritatem
2007 453 2180 512 Paul-

253 534 379 604 lini,
426 534 690 610 vigorem
737 534 923 606 Celsi,
981 536 1365 594 maturitatem
1422 535 1598 605 Galli,
1656 542 1716 594 ut
1771 533 1984 611 cuique
2031 540 2182 603 erat,

255 615 631 685 ariminando,
681 616 833 691 quod
879 579 1214 675 facillimum
1259 613 1412 674 factu
1442 623 1552 687 est,
1580 634 1796 693 pravus
1824 621 1886 672 et
1914 614 2207 682 callidus,⁴

253 695 438 755 bonos
467 702 528 752 et
550 694 841 753 modestos
869 696 1139 755 anteibat
1220 717 1239 732 ⁸

333 774 729 833 LXXXVIII.
778 767 1077 853 Sepositus
1112 794 1224 853 per
1247 794 1350 836 eos
1377 775 1503 837 dies
1532 771 1843 844 Cornelius
1876 748 2186 832 Dolabella

251 855 315 918 in
355 855 648 914 coloniam
689 855 1058 932 Aquinatem,
1100 854 1203 936 (y)
1230 874 1422 933 neque
1474 861 1637 924 arcta
1674 853 1951 924 custodia,
1990 871 2181 932 neque
2241 928 2244 930 ‚

254 935 538 994 obscura:
584 937 807 993 nullum
855 938 929 994 ob
971 936 1220 1014 crimen,
1265 936 1371 994 sed
1412 942 1641 993 vetusto
1684 935 1915 992 nomine
1955 941 2016 992 et
2043 952 2180 1010 pro-

252 1015 571 1091 pinquitate
622 1014 828 1074 Galbae
875 1023 1263 1076 monstratus·
1350 1014 1569 1073 Multos
1630 1033 1665 1073 e
1724 1014 2176 1105 Magistratibus,

250 1113 519 1171 magnam
537 1096 923 1156 consularium
943 1103 1192 1173 partem,
1226 1096 1412 1165 Otho,
1448 1113 1565 1154 non
1592 1094 1907 1173 participes
1945 1101 2041 1153 aut
2072 1093 2191 1151 mi-

252 1175 465 1234 nistros
502 1170 685 1247 bellu,
712 1176 820 1234 sed
846 1178 1127 1240 comitum
1154 1176 1380 1252 specie,
1423 1193 1622 1234 secum
1650 1174 1933 1251 expedire
1967 1174 2177 1251 jubet:

251 1254 315 1314 ιιι
346 1256 475 1333 quis
495 1264 556 1315 et
599 1257 665 1314 L.
714 1249 1038 1327 Vitellium,
1076 1257 1285 1316 eodem
1329 1274 1445 1345 quo
1482 1262 1714 1313 ceteros
1752 1255 1928 1322 cultu,
1972 1273 2084 1312 nec
2117 1259 2183 1311 ut

254 1335 637 1412 Imperatoris
689 1334 954 1407 fratrem,
1003 1355 1114 1396 nec
1160 1343 1226 1396 ut
1265 1334 1467 1396 hostis.
1569 1334 1751 1412 Igitur
1799 1339 1956 1392 mota
2019 1333 2179 1393 urbis

254 1433 433 1473 cura:
478 1416 689 1474 nullus
709 1414 854 1476 ordo
904 1422 1057 1476 metu
1112 1421 1207 1477 aut
1254 1415 1518 1490 periculo
1571 1433 1822 1474 vacuus:
1886 1412 2181 1489 primores

256 1479 515 1552 Senatus
537 1500 707 1552 aetate
748 1493 986 1554 invalidi
1027 1501 1089 1554 et
1138 1496 1314 1569 longa
1355 1513 1501 1571 pace
1549 1492 1822 1553 desides:
1885 1494 2075 1569 segnis
2117 1501 2182 1553 at

256 1573 435 1634 oblita
475 1575 770 1634 bellorum
801 1575 1108 1646 nobilitas,
1151 1576 1377 1650 ignarus
1418 1573 1637 1634 militia
1683 1574 1922 1651 Eques.
2010 1569 2183 1634 nanto

253 1654 433 1727 magis
461 1654 753 1715 occultare
782 1661 844 1711 et
878 1654 1098 1716 abdere
1123 1673 1407 1732 pavorem
1442 1654 1796 1745 nitebantur,
1826 1673 1881 1712 m
2038 1654 2181 1712 stius

258 1733 474 1809 pavidi.
559 1731 693 1791 Nec
735 1732 982 1794 deerant
1027 1753 1063 1792 e
1091 1736 1406 1804 contrario,
1454 1734 1550 1811 qui
1594 1733 1905 1794 ambitione
1943 1733 2177 1804 stolida,

256 1812 574 1887 conspicua
604 1831 783 1883 arma,
820 1812 1077 1889 insignes
1118 1832 1322 1891 equos,
1364 1813 1595 1890 quidam
1635 1812 1965 1889 luxuriosos
2005 1813 2181 1890 adpa-

188 1905 191 1910 ’
254 1899 411 1950 ratus
431 1892 833 1952 conviviorum
860 1900 921 1952 et
964 1894 1350 1954 inritamenta
1356 1893 1676 1962 libidinum,
1703 1900 1767 1952 ιιι
1801 1892 2183 1951 instrumenta

257 1971 421 2042 belli,
471 1978 916 2032 mercarentur..
1001 1973 1371 2052 Sapientibus
1429 1973 1637 2050 quietis
1686 1979 1747 2031 et
1808 1971 2180 2049 Reipublicae

257 2071 435 2113 mira·
479 2053 813 2115 levissimus
854 2054 1101 2132 quisque
1134 2061 1197 2113 et
1250 2051 1425 2113 futuri
1475 2053 1835 2130 inprovidus,
1887 2072 1996 2129 spe
2036 2071 2183 2112 vana

257 2138 523 2193 tumens·
567 2134 730 2193 multi
758 2133 988 2193 adflicta
1013 2132 1129 2193 fide
1169 2133 1266 2226 (z)
1307 2135 1365 2191 in
1399 2152 1568 2212 pace,
1608 2153 1673 2193 ac
1717 2132 1959 2193 turbatis
2002 2133 2186 2191 rebus

263 2213 507 2281 alacreS,
536 2220 597 2272 et
616 2232 746 2291 per
743 2216 978 2273 incerta
1004 2215 1290 2275 tutissimi.

338 2288 669 2351 LXXXIX.
715 2294 833 2351 Sed
875 2294 1102 2366 vulgus,
1159 2299 1219 2351 et
1276 2289 1660 2366 magnitudine
1711 2290 1885 2349 nimia
1926 2309 2186 2357 commu-

200 2438 206 2444 ·
258 2371 416 2430 nium
443 2390 712 2430 curarum
742 2389 961 2447 expers
986 2372 1256 2448 populus,
1284 2373 1502 2430 sentire
1531 2370 1822 2446 paullatim
1842 2370 1985 2428 belli
2011 2371 2185 2440 mala,

258 2469 546 2510 conversa
564 2451 623 2507 in
651 2451 895 2507 rnilitum
923 2468 1086 2508 usum
1129 2454 1284 2509 omni
1310 2451 1577 2528 pecunia,
1616 2449 1847 2508 intentis
1873 2449 2176 2508 alimento·

259 2548 384 2588 rum
431 2529 668 2606 pretiis:
715 2547 868 2603 quae.
914 2535 1072 2601 motu
1125 2529 1411 2598 Vindicis,
1457 2529 1613 2587 haud
1655 2527 1902 2604 perinde
1942 2528 2184 2617 plebem

255 2609 634 2677 adtriverant,
671 2624 880 2666 secura
905 2597 1024 2664 tum
1045 2609 1192 2667 urbe
1230 2615 1292 2666 et
1327 2606 1672 2687 provinciali
1699 2607 1882 2698 bello‘,
1922 2606 2108 2683 quod
2094 2626 2182 2666 m·-
2225 2614 2230 2623 “

257 2693 352 2745 ter
393 2686 654 2760 legiones
692 2685 1031 2762 Galliasque
1083 2689 1249 2746 velut
1306 2695 1613 2761 externum
1651 2685 1783 2746 fuit.
1883 2686 2056 2757 Nam,
2102 2707 2182 2747 ex

260 2784 373 2842 quo
403 2765 589 2826 Divus
612 2767 899 2839 Augustus
923 2784 1020 2823 res
1061 2767 1359 2825 Cassarum
1388 2766 1733 2843 composuit,
1761 2767 1994 2843 procul,
2033 2774 2095 2825 et
2119 2768 2181 2826 ιιι

238 2847 420 2915 ,unius
459 2844 905 2905 sollicitudinem
931 2851 1027 2904 aut
1053 2845 1253 2918 decus,
1298 2846 1550 2924 Populus
1588 2845 1879 2933 Romanus
1913 2846 2178 2906 bellave·

211 2943 215 2947 ’
257 2933 364 2984 rat.
451 2926 566 2984 Sub
597 2924 845 2990 Tiberio
891 2931 951 2989 et
983 2924 1148 2995 Caio,
1177 2933 1392 2988 tantum
1435 2927 1594 3004 pacis
1623 2906 1909 2985 adversa
1894 2945 1952 2984 ιιι
2000 2926 2178 2985 Rem·

255 3005 545 3083 publicam
602 3005 966 3084 pertinuere.
1065 3006 1424 3065 Scriboniani
1467 3013 1670 3064 contra
1723 3005 2025 3065 Claudium
2092 2987 2179 3069 in-

148 3106 173 3115 ·’
254 3093 428 3162 cepta
450 3088 620 3146 simul
664 3086 854 3147 audita
894 3092 956 3146 et
980 3088 1258 3146 coercita.
1312 3086 1510 3146 Nero
1538 3086 1751 3144 nuntiis
1778 3085 1956 3161 magis
1994 3093 2055 3144 et
2082 3105 2178 3145 ru·

254 3166 535 3238 moribus,
560 3187 726 3245 quam
764 3167 937 3225 armis
965 3166 1261 3243 depulsus·
1347 3166 1505 3225 Tum
1540 3165 1798 3241 legiones
1821 3166 2179 3260 classesque,

256 3251 337 3314 et,
361 3248 513 3321 quod
535 3265 669 3306 raro
707 3246 866 3315 alias,
889 3246 1278 3306 Praetorianus
1300 3247 1668 3321 urbanusque
1698 3246 1908 3304 miles'
1892 3266 1952 3304 ιιι
1994 3247 2181 3304 aciem
2291 3274 2306 3287 .

255 3324 527 3387 deducti:
575 3325 787 3384 Oriens
818 3289 1224 3402 Occidensque
1265 3333 1326 3384 et
1353 3325 1626 3402 quidquid
1652 3325 1944 3402 utrimque
1967 3326 2182 3385 virium

204 3454 223 3471 s
256 3410 368 3475 est,
416 3425 451 3467 a
474 3401 675 3482 tergo:
720 3405 769 3463 si
811 3404 1050 3467 ducibus
1089 3406 1214 3466 aliis
1260 3407 1538 3465 bellatum
1583 3405 1772 3475 foret,
1808 3405 1981 3482 longo
2024 3406 2187 3464 bello

308 3615 346 3662 y
377 3599 698 3663 Aquinatem.
758 3599 1017 3661 Aquinum
1055 3613 1158 3649 was
1181 3615 1213 3649 a
1231 3603 1370 3648 town
1391 3600 1451 3649 os
1472 3600 1559 3648 the
1589 3599 1786 3650 ancient
1820 3600 2024 3660 Latins3
2056 3611 2174 3648 now

258 3664 419 3714 called
440 3663 655 3725 Aquino.
869 3674 876 3693 ¹

312 3746 341 3780 s
372 3731 529 3782 Multi
549 3730 879 3799 adflictafide‚
900 3730 1176 3796 bankrupts
1189 3730 1245 3782 in
1261 3729 1392 3780 fame
1415 3730 1513 3781 and
1535 3730 1764 3797 fortune,
1797 3804 1818 3821 .
