2459 4075
265 182 339 239 98
837 177 1554 246 c.coRN.‘1¹A01'r1.
1783 181 2179 243 A.v.·c.822.

258 342 506 403 rumque
533 330 882 404 spectaculis·
910 332 1196 408 opplere:
1244 337 1528 405 tamquam
1555 329 1614 385 in
1642 345 1862 386 summa
1890 328 2184 388 abundan-

256 404 356 474 tia,
385 407 652 481 pecunias
680 409 967 468 inludere.

334 484 523 545 XCV.
570 488 724 559 Quin
760 497 817 547 et
844 492 1090 547 natalem
1117 447 1341 546 Vitellii
1383 486 1539 544 diem
1568 478 1801 545 Caecina
1826 504 1892 543 ac
1937 483 2186 579 Valens,

254 563 423 623 editis
451 573 571 624 tota
596 570 741 625 urbe
784 569 1015 627 vicatim
1050 566 1458 640 gladiatoribus
1489 566 1918 623 celebravere.
1962 564 2185 657 ingenti

252 651 458 720 paratu
488 653 554 703 et
574 655 705 705 ante
734 648 895 705 illum
933 645 1086 703 diem
1126 645 1413 702 insolite.
1467 644 1692 703 Laetum
1718 643 2031 703 foedissimo
2057 647 2189 704 cui-

251 741 391 797 que,
440 725 591 815 apud
639 728 819 783 bonos
866 725 1097 783 invidiae
1129 722 1256 794 fuit,
1306 693 1465 800 quod
1506 723 1818 782 exstructis
1846 724 1922 781 in
1968 737 2181 816 campo

251 801 464 862 Martio
500 804 636 874 aris,
662 804 897 862 inferias
925 804 1153 861 Neroni
1200 802 1475 861 fecisset.
1519 822 1691 862 caesae
1733 803 1970 879 publice
2013 804 2182 864 victi·

247 899 362 942 mae
402 890 832 960 cremataequeae
881 884 1066 942 facem
1110 883 1467 973 Augustales
1499 882 1858 940 subdidere:
1902 883 2061 959 quod
2092 903 2181 943 sa·

248 962 596 1028 cerdotium,
625 972 690 1021 ut
718 963 998 1022 Romulus
1028 962 1204 1020 Tatio
1228 962 1399 1037 Regi,
1427 962 1506 1019 ita
1532 962 1738 1019 Caesar
1767 962 2048 1021 Tiberius
2073 964 2109 1018 J
2115 985 2178 1023 u-

246 1039 343 1097 liae
380 1041 537 1115 genti
566 1043 833 1101 sacravit.
920 1043 1189 1100 Nondum
1218 1051 1456 1119 quartus
1498 1061 1532 1098 a
1570 1042 1819 1100 victoria
1843 1044 2081 1113 mensis,
2117 1053 2180 1104 et

243 1119 491 1180 libertus
522 1120 746 1192 Vitelli,
792 1122 1097 1190 Asiaticus,
1139 1121 1497 1199 Polycletus,
1540 1120 1851 1181 Patrobios
1888 1130 1950 1180 et
1975 1130 2182 1183 vetera

241 1199 512 1260 odiorum
540 1205 771 1262 nomina
795 1204 1083 1293 aequebat.
1115 1201 1210 1281 (v)
1291 1200 1526 1261 Nemo
1511 1221 1571 1258 m
1597 1202 1697 1258 illa
1728 1203 1859 1259 aula
1877 1204 2176 1277 probitate

245 1286 342 1340 aut
386 1280 666 1342 industria
706 1279 993 1341 certavit:
1039 1300 1213 1340 unum
1262 1281 1332 1338 ad
1377 1281 1692 1358 potentiam
1739 1280 1874 1351 iter,
1917 1283 2174 1357 prodigis

245 1362 441 1435 epulis
478 1368 541 1418 et
567 1370 794 1437 sumptu
837 1380 1131 1436 ganeaque
1167 1360 1380 1419 satiare
1418 1359 1806 1438 inexplebiles
1847 1360 2069 1420 Vitellii
2099 1362 2170 1418 li-

157 1489 162 1492 .
245 1439 492 1498 bidines.
576 1441 712 1514 Ipse
755 1440 981 1498 abunde
1011 1448 1187 1509 ratuS,
1215 1440 1265 1496 si
1290 1442 1682 1516 praesentibus
1710 1438 2026 1509 frueretur,
2055 1459 2169 1500 nec

242 1517 303 1575 in
344 1518 565 1592 longius
610 1521 960 1590 consultam,
1008 1519 1213 1578 novies
1254 1520 1467 1578 millies
1495 1520 1846 1589 sestertium,
1888 1519 2168 1596 paucissi-

242 1597 355 1656 mis
391 1596 706 1667 mensibus„
751 1598 1157 1657 intervertisse
1204 1600 1484 1657 creditur.
1577 1598 1790 1674 Magna
1842 1607 1899 1657 et
1952 1601 2206 1675 misera⁴

243 1675 470 1746 civitas,
519 1676 726 1736 eodem
773 1696 925 1736 anno
974 1678 1268 1736 Othonem
1318 1677 1740 1755 Vitelliumque
1787 1697 1973 1756 passa,
2017 1681 2174 1738 inter

242 1755 472 1825 Vinios,
515 1755 753 1827 Fabios,
793 1757 1005 1827 IceloS,
1039 1759 1342 1829 Asiaticos,
1391 1758 1551 1816 varia
1593 1766 1653 1816 et
1698 1759 1964 1835 pudenda
2009 1766 2169 1819 sorte

242 1836 484 1926 agebat3
528 1836 716 1894 donec
770 1856 1112 1896 successere
1149 1836 1454 1897 Mucianus
1488 1843 1548 1895 et
1599 1836 1916 1896 Marcellus
1967 1836 2077 1917 (w)
2107 1846 2171 1897 et

239 1915 417 1988 magis
439 1916 532 1972 alii
561 1914 847 1986 homines,
877 1936 1045 1992 quam
1068 1916 1162 1974 alii
1189 1936 1406 1978 mores.

320 1993 539 2053 XCVI.
585 1994 781 2056 Prima
807 1996 1101 2055 Vitellio‘
1134 1998 1327 2057 tertiae
1352 1997 1595 2073 legionis
1632 1972 1906 2057 defe'ctio’
1936 1997 2168 2056 nuncia-

238 2082 357 2146 tur,
384 2075 574 2135 missis
600 2079 671 2137 ab
698 2077 927 2154 Aponio
964 2076 1270 2136 Saturnino
1299 2078 1583 2155 epistoliS,
1613 2085 1919 2159 antequam
1954 2077 2001 2134 is
2024 2096 2168 2153 quo·

242 2174 356 2231 que
387 2155 727 2233 Vespasiani
749 2159 1012 2235 partibus
1036 2158 1468 2234 adgregaretur.
1551 2158 1664 2214 Sed
1693 2176 1886 2234 neque
1908 2157 2170 2248 Aponius

239 2243 467 2306 cuncta,
516 2244 580 2295 ut
607 2238 899 2315 trepidans
923 2257 988 2295 re
1017 2238 1224 2306 subita,
1267 2239 1718 2350 perscripserat,
1748 2244 1809 2295 et
1834 2236 2003 2295 amici
2031 2236 2167 2294 adu-

238 2315 429 2375 lantes
460 2317 694 2377 mollius
717 2318 1286 2391 interpretabantur:
1335 2317 1543 2374 ‘unius
1570 2317 1814 2391 legionis
1857 2334 1982 2373 eam
2011 2316 2164 2373 sedi-

241 2404 256 2430 ‘
288 2397 528 2463 tionem,
550 2397 767 2455 ceteris
796 2396 1150 2453 exercitibus
1168 2392 1680 2454 constare‘fidemss
1764 2396 1833 2452 In
1862 2396 2013 2453 hunc
2040 2414 2161 2453 mo-

235 2475 377 2533 dum
402 2475 580 2533 etiam
621 2474 891 2532 Vitellius
940 2474 1093 2549 apud
1137 2476 1353 2533 milites
1399 2475 1691 2533 disseruit.
1775 2473 2164 2533 Praetorianos

237 2574 429 2631 nuper
446 2560 851 2619 exauctoratos
871 2555 1207 2623 insectatus,
1219 2562 1255 2595 ·‘
1283 2575 1316 2611 a
1334 2555 1544 2631 quibus
1571 2554 1742 2612 falsos
1764 2572 2030 2613 rumores
2053 2553 2167 2612 dis«-

238 2634 473 2709 ‘pergi‚
522 2652 632 2690 nec
661 2633 839 2691 ullum
863 2633 1051 2691 civilis
1100 2597 1241 2690 belli
1267 2635 1530 2703 metum,’
1576 2633 1983 2699 adseverabat,
2026 2652 2164 2709 sup·

235 2728 441 2801 presso
490 2709 832 2786 Vespasiani
877 2712 1132 2781 nomine,
1179 2720 1241 2771 et
1266 2713 1425 2787 vagis
1459 2731 1583 2789 per
1631 2715 1837 2771 urbem
1865 2712 2164 2782 militibus,

236 2791 337 2928 pai
365 2807 668 2855 sermones
693 2792 897 2867 populi
926 2798 1320 2849 coercerent·
1366 2792 1427 2849 id
1453 2793 1816 2869 praecipuum
1833 2793 2166 2850 alimentum

261 2889 404 2929 amae
428 2875 571 2929 erat.

314 2948 569 3008 XCVII
609 2947 856 3009 Auxilia
865 2957 1060 3009 tamen
1089 2969 1121 3008 e
1152 2950 1468 3009 Germania
1494 2950 1904 3033 Britanniaque
1933 2960 1994 3010 et
2028 2950 2165 3010 His-

232 3030 416 3107 paniis
444 3028 683 3094 excivit.
731 3031 1009 3106 segniter,
1047 3036 1119 3089 et
1145 3031 1550 3088 necessitatem
1588 3022 1969 3089 dissimulans.
2055 3031 2166 3089 Pe-

231 3110 398 3170 rinde
477 3108 677 3186 Legati
750 3111 1191 3187 provinciaeque
1265 3111 1717 3168 cunctabantur:
1791 3109 2169 3173 Hordeonius

296 3352 541 3405 vVetera
578 3356 801 3406 odiorum
832 3352 1052 3405 nomina.
1140 3348 1255 3405 The
1289 3354 1474 3403 former
1506 3352 1759 3402 sreedmen
1790 3348 1961 3403 whose
1992 3369 2168 3403 names

232 3434 370 3487 were
393 3421 677 3468 execrated.

297 3503 340 3533 w
353 3482 640 3531 Mucianus
662 3480 765 3531 was
787 3482 872 3532 the
895 3485 1059 3532 active
1077 3484 1297 3544 partisan
1319 3484 1377 3534 of
1389 3484 1659 3547 Vespasian
1679 3480 1802 3548 (this
1823 3482 1974 3541 book,
1990 3500 2029 3532 s.
2052 3485 2133 3531 76.
2135 3483 2163 3551 )

230 3549 415 3612 Eprius
436 3548 728 3605 Marcellus
748 3564 779 3596 a
799 3564 915 3596 man
936 3550 1053 3596 who
1074 3549 1239 3596 raised
1270 3550 1479 3598 himself
1505 3544 1575 3611 by
1597 3548 1674 3596 his
1706 3546 2053 3616 flagitiousde
1992 3545 2163 3605 dheds

234 3615 388 3678 (Anu.
421 3611 526 3660 xvi.
544 3629 581 3661 s.
609 3616 711 3673 12.)
746 3628 849 3660 was
883 3615 968 3661 the
991 3610 1240 3660 favourite
1262 3615 1486 3666 minister
1518 3614 1678 3663 under
1707 3610 1993 3676 vaepuim.
2057 3611 2163 3661 See

230 3680 316 3728 the
333 3678 587 3741 Dialogus
609 3678 905 3743 concerning
927 3678 1160 3738 Oratory,
1181 3693 1218 3726 s.
1243 3681 1290 3726 8.
