2459 4075
297 171 409 226 144
875 168 947 252 ο,
993 167 1242 229 coms.
1288 125 1598 231 moiri.
1808 194 1867 232 A.
1899 192 1957 232 u.
1990 193 2044 233 c.
2077 173 2224 234 επ.
2274 254 2287 262 ξ

264 320 295 348 ·‘
320 313 486 374 tellio
503 313 910 388 descivissent,
934 322 1016 388 et,
1043 309 1297 378 abscisis*
1315 320 1579 379 omnibus
1605 317 1917 398 praesidiis‚
1940 333 2229 377 cessurus

278 400 292 427 ‘
325 393 585 473 Imperio
605 396 937 457 videbatur.
1022 397 1141 458 Sed
1166 393 1376 478 cun‘cta
1400 399 1787 471 festinatione,
1810 397 2026 458 deinde
2054 398 2226 473 igna-

276 483 293 508 ‘
323 476 419 535 via
441 475 661 547 Sabini,
705 485 1027 556 conrupta:
1073 478 1174 557 qui
1200 479 1446 557 sumptis
1472 487 1703 541 temere
1729 479 1924 557 armis,
1948 477 2224 539 munitis-

277 563 294 589 ‘
321 557 524 616 simam
552 558 811 635 capitolii
848 577 1068 629 arcem,
1112 565 1174 618 et
1197 579 1276 619 ne
1314 561 1531 637 magnis
1573 560 1807 640 quidem
1854 557 2227 622 exercitibus

272 643 292 671 ⁴
323 639 798 714 expugnabilem,
841 640 1120 699 adversus
1147 646 1270 698 tres
1306 641 1585 702 cohortes
1622 641 1777 701 tueri
1806 639 2222 719 nequivisset-⁹

273 715 447 776 Haud
471 717 642 792 facile
660 720 789 796 quis
816 720 915 779 uni
937 719 1330 797 adsignaverit
1347 721 1600 799 culpam,
1629 740 1762 801 quae
1792 719 2047 780 omnium
2062 716 2177 779 fuit
2201 741 2223 777 ε

201 805 206 810 ”
272 801 403 857 na'm
432 807 493 857 et
512 797 809 860 Mucianus
844 799 1123 875 ambiguis
1159 800 1426 879 epistolis
1461 802 1720 863 victores
1760 802 2117 870 morabatur,
2155 806 2224 859 et

269 879 553 938 Antonius
587 887 958 957 praepostero
983 881 1297 960 obsequio,
1338 883 1461 953 vel,
1493 882 1629 944 dum
1656 882 1878 959 regerit
1919 879 2220 956 invidiam,

272 956 385 1040 (m)
399 958 625 1019 crimen
652 962 902 1024 meruit:
948 962 1260 1043 ceterique
1281 962 1632 1034 duces,dum
1654 968 1959 1041 peractum
1986 960 2217 1020 bellum

267 1044 490 1116 putant,
503 1039 696 1118 finem
734 1043 859 1121 ejus
886 1043 1265 1119 insignivere.
1353 1042 1448 1103 Ne
1472 1043 1716 1112 Petilius
1743 1042 1981 1121 quidem
2003 1040 2212 1100 Ceria-

268 1120 362 1190 lis,
380 1138 512 1179 cum
534 1123 694 1181 mille
734 1123 1026 1202 equitibus
1048 1125 1409 1201 praemissus,
1438 1131 1502 1184 ut
1528 1123 1880 1184 transversis
1904 1121 2215 1182 itineribus

135 1265 144 1270 ,
263 1219 381 1278 per
405 1221 606 1277 agrum
628 1203 900 1265 Sabinum
924 1204 1142 1265 Salaria
1162 1206 1259 1265 via
1278 1205 1379 1285 (n)
1400 1206 1606 1266 urbem
1621 1205 1914 1273 introiret,
1933 1201 2070 1261 satis
2091 1219 2211 1261 ma-

266 1292 602 1343 turaverat:
647 1285 848 1358 donec⁸
870 1285 1095 1345 obsessi
1134 1286 1397 1365 capitolii
1438 1284 1590 1347 fama
1630 1292 1868 1346 cunctos
1907 1283 2078 1345 simul
2106 1301 2208 1342 ex·

281 1363 453 1421 ciret.
565 1391 598 1397 --
625 1399 636 1406 ·
693 1416 704 1418 ⁴
1758 1397 1767 1400 ὴ
1794 1411 1809 1414 Ἰ
1860 1415 1863 1418 ,

345 1439 620 1499 LXXIX.
668 1442 945 1500 Antonius
999 1461 1112 1519 per
1148 1440 1497 1514 Flaminiam
1543 1441 1615 1502 ad
1673 1440 1825 1500 Saxa
1866 1440 2066 1511 rubra,
2114 1440 2215 1521 (o)

270 1521 452 1595 multo
463 1520 588 1596 jam
614 1521 823 1590 noctis,
846 1539 1046 1580 serum
1072 1520 1350 1596 auxilium
1368 1521 1548 1581 venit.
1634 1522 1766 1582 Illic
1794 1528 1811 1556 ‘
1835 1518 2210 1582 interfectum

272 1609 287 1636 ‘
313 1600 606 1670 Sabinum,
635 1599 1024 1676 conflagrasse
1050 1601 1412 1678 capitolium,
1440 1608 1701 1664 tremere
1731 1601 1978 1673 urbem,'
2009 1607 2212 1661 maesta

268 1679 460 1739 omnia
480 1680 745 1757 accepit:
793 1688 809 1714 ‘
839 1682 1079 1757 plebem
1106 1700 1341 1760 quoque
1363 1691 1424 1744 et
1449 1682 1694 1742 servitia
1709 1701 1824 1760 pro
1842 1681 2085 1744 vitellio
2113 1700 2206 1741 ar·

268 1770 285 1795 ⁴
318 1761 507 1833 mari,’
531 1760 919 1821 nuntiabatur.
1005 1761 1082 1821 Et
1108 1762 1321 1823 Petilio
1350 1759 1573 1824 Ceriali
1622 1770 1899 1841 equestre
1928 1761 2207 1841 proelium

270 1841 579 1902 adversum
607 1841 834 1901 fuerat:
880 1861 1128 1920 namque
1156 1843 1468 1915 incautum,
1508 1852 1570 1905 et
1589 1850 1880 1920 tamquam
1915 1843 1986 1903 ad
2020 1842 2215 1903 victos

269 1929 559 1995 ruentem,
599 1921 920 1994 Vitelliani,
974 1923 1320 2002 interjectus
1366 1924 1550 2002 equiti
1608 1922 1816 2002 pedes,
1865 1940 2202 2001 excepere:

265 2009 583 2082 pugnatum
601 2003 753 2064 haud
769 2003 978 2084 procul
1006 2005 1177 2076 urbe,
1200 2004 1358 2065 inter
1383 2003 1632 2072 aedificia
1659 2004 1977 2083 hortosque
1990 2011 2061 2064 -et
2108 2022 2206 2083 an·

268 2083 482 2146 fractus
508 2085 771 2146 viarum:
817 2102 949 2163 quae
966 2104 1145 2162 gnara
1162 2084 1516 2159 Vitellianis,
1539 2086 1901 2165 incomperta
1917 2085 2206 2156 hostibus,

265 2173 485 2241 metum
525 2165 827 2233 fecerant:
884 2184 1074 2244 neque
1123 2167 1311 2227 omnis
1349 2185 1536 2246 eques
1583 2186 1855 2242 concors,
1915 2155 2205 2244 adjunctis

267 2247 631 2324 quibusdam,
655 2247 756 2326 qui
777 2267 969 2325 nuper
989 2247 1142 2326 apud
1179 2247 1462 2325 Narniam
1502 2247 1705 2318 dediti,
1743 2245 2030 2308 fortunam
2066 2263 2202 2323 par·

267 2328 410 2388 tium
425 2330 875 2406 speculabantur
901 2351 915 2386 ε
961 2329 1191 2406 capitur
1219 2326 1541 2391 Praefectus
1570 2330 1699 2399 alae,
1729 2326 1961 2405 Tullius
1979 2325 2204 2386 Flavia·

270 2428 377 2468 nus
398 2412 421 2468 ε’
458 2409 647 2469 ceteri
675 2406 826 2468 foeda
847 2406 979 2485 fuga
1004 2413 1485 2479 consternantur,
1508 2426 1627 2468 non
1644 2408 1808 2467 -ult'ra
1835 2407 2083 2468 Fidenas
2104 2402 2211 2487 (p)

272 2490 486 2551 secutis
514 2489 857 2548 victoribus.
2226 2552 2227 2555 Ἴ

345 2568 589 2629 LXXX.
634 2567 723 2628 Eo
761 2587 1036 2641 successu
1071 2569 1255 2630 studia
1299 2569 1502 2647 populi
1547 2576 1746 2629 auctae
1791 2568 1999 2643 vulgus
2032 2567 2201 2626 urba·
2297 2614 2302 2619 .

272 2670 407 2710 num
445 2661 602 2708 arma
642 2651 822 2727 cepit.
924 2648 1133 2710 Paucis'
1189 2657 1357 2710 scuta
1403 2648 1690 2718 militaria,
1736 2648 1958 2723 plures,
1999 2647 2204 2722 raptis,

267 2729 424 2807 quod
466 2724 681 2807 cuique
730 2729 986 2799 obvium,
1034 2730 1192 2800 telis,
1239 2739 1254 2766 ‘
1300 2730 1526 2808 signum
1572 2729 1801 2805 pugnae’
1850 2732 2198 2804 exposcunt.

274 2808 409 2886 Agit
431 2816 627 2885 grates
665 2807 961 2880 Vitellius,
981 2816 1043 2869 et
1071 2817 1088 2845 ‘
1105 2810 1193 2871 ,a'd
1218 2810 1491 2870 tuendam
1524 2809 1734 2868 urbem
1782 2808 2201 2885 prorumpere'

259 2891 450 2970 jubet.
536 2887 702 2960 Mox,
730 2895 942 2948 vocato
957 2890 1197 2962 Senatu,
1219 2892 1553 2967 deliguntur
1587 2887 1762 2966 legati
1784 2887 1857 2948 ad
1882 2886 2207 2954 exercitus,

253 2972 330 3033 ‘ut
380 2976 673 3048 praetexto
695 2968 1065 3048 Reipublicae
1090 2968 1463 3032 concordiam
1491 2989 1818 3050 pacemque
1864 2969 2198 3028 suaderent.

199 3058 203 3062 *
265 3049 441 3112 Varia
467 3054 790 3130 legatorum
812 3071 941 3112 sors
962 3051 1085 3113 fuit.
1170 3052 1289 3124 Qui
1312 3051 1525 3112 Petilio
1554 3049 1778 3112 Ceriali
1795 3055 2204 3120 occurrerant,

336 3263 385 3297 m
423 3247 478 3297 V
468 3250 527 3309 el,
550 3250 667 3299 dum
687 3251 870 3311 regerit
891 3249 1152 3301 invidiam.
1220 3248 1301 3298 01·
1317 3246 1431 3299 that
1442 3247 1508 3296 he
1521 3246 1685 3311 might
1699 3243 1908 3295 uansfer
1922 3245 2010 3293 the
2032 3243 2207 3294 odium

271 3315 397 3363 from
416 3313 625 3364 himself
630 3320 683 3365 to
699 3315 986 3364 Mucianus.
2146 3310 2171 3369 .’

330 3396 371 3430 n
409 3379 464 3429 V
455 3383 509 3431 ia
527 3381 749 3438 Salaria,
764 3396 796 3429 a
815 3381 939 3430 road
958 3379 1163 3444 leading
1197 3378 1328 3428 from
1350 3378 1437 3429 the
1474 3379 1764 3427 salt-works
1799 3375 2020 3428 ntostia
2039 3381 2094 3426 to
2113 3375 2203 3425 the

270 3450 482 3509 country
495 3445 554 3494 of
557 3447 644 3494 the
666 3445 890 3496 Sabines.

328 3528 357 3561 ο
390 3513 530 3563 Saxa
549 3511 743 3579 Rubra,
773 3512 970 3574 aplace
999 3527 1064 3561 on
1099 3513 1188 3562 the
1220 3508 1557 3563 Flamminian
1578 3508 1703 3560 road
1738 3508 1793 3558 in
1827 3508 2054 3568 Etruria,
2083 3507 2203 3561 nine

264 3578 407 3629 miles
423 3577 551 3632 from
574 3578 756 3627 Rome.

395 3643 613 3701 Fidenae,
630 3659 663 3691 a
695 3642 839 3702 small
872 3648 1011 3692 town
1039 3643 1094 3692 in
1125 3641 1213 3690 the
1234 3641 1473 3705 territory
1509 3640 1568 3692 os
1589 3641 1678 3692 the
1711 3639 1919 3695 Sabines
1941 3639 2099 3691 about
2117 3635 2200 3689 six

265 3724 333 3758 mi
422 3710 570 3762 north
585 3709 644 3758 of
659 3709 837 3759 Rome.
