2459 4075
369 123 408 181 ε»
468 97 475 108 '
614 175 621 183 .
945 111 1666 183 e.coRN.‘1·Ac1⁷r1.
1742 149 1750 158 ·
1890 119 2282 201 amasios

366 265 587 338 talium,
615 268 764 325 alter
799 265 1215 342 ignavissimus,
1244 267 1376 325 odio
1399 263 1742 342 flagitiorum
1784 275 2107 338 oneratum,
2145 273 2287 326 co'n-

370 352 595 422 temptu
621 347 849 404 inertiae
870 346 1263 406 destruebant.
1349 347 1610 405 Tardum
1629 348 1833 405 Galbae
1851 347 1967 406 iter
1987 355 2047 406 et
2070 365 2288 404 cruen-
2417 385 2418 404 ἶ

369 432 513 495 tum,
553 425 872 485 interfectis
910 425 1194 502 Cingonio
1240 425 1529 496 Varrone,
1574 425 1831 485 Consule
1873 427 2188 501 designato,
2230 433 2297 500 et
2419 445 2420 502 χ

369 502 645 563 Petronio
673 505 1042 581 Turpiliano,
1085 505 1428 564 consulari:
1474 506 1598 575 ille,
1620 515 1684 564 ut
1704 505 2046 584 Nymphidii
2071 507 2295 574 sociuS‚
2419 505 2420 552 ¹

371 583 490 654 hic,
518 592 581 643 ut
610 584 725 641 dux
765 584 1041 654 Neronis,
1070 585 1306 643 inauditi
1344 595 1517 664 atque
1552 585 1858 655 indefensi,
1885 586 2294 664 tamquamin-

368 674 644 721 nocentes
672 663 991 739 perierant.
1077 665 1354 724 Introitus
1382 665 1441 724 in
1468 667 1697 737 urbem,
1725 665 2021 724 trucidatis
2046 672 2134 724 tot
2157 664 2295 723 mil·

369 742 520 800 libus
561 743 869 801 inermium
916 744 1182 813 militum,
1219 744 1302 824 (t)
1335 745 1611 805 infaustus
1670 746 1884 815 omine,
1931 754 2104 821 atque
2148 744 2299 820 ipsis
2421 749 2422 788 f

370 822 562 891 etiam,
595 823 695 899 qui
737 823 1070 883 occiderant
1108 822 1535 884 formidolosus.
1621 825 1861 884 Inducta
1891 826 2122 901 legione
2150 824 2299 881 His·
2423 831 2424 910 χ

369 919 541 977 pana,
590 911 926 960 remanente
963 903 1054 973 e'a,
1094 923 1280 979 ,quam
1324 925 1357 964 e
1401 907 1586 964 classe
1635 905 1801 964 Nero
1840 903 2303 980 conscripserat,
2423 917 2424 928 ¹

370 981 545 1057 plena
565 983 704 1039 urbs
731 983 996 1040 exercitu
1016 983 1248 1042 insolito
1273 1008 1287 1043 ε
1335 986 1498 1045 multi
1519 985 1591 1044 ad
1610 985 1723 1044 hoc
1745 985 1973 1043 numeri
1996 1002 2030 1043 e
2047 983 2303 1041 Germa-

370 1059 466 1117 nia
499 1079 567 1118 ac
605 1061 902 1120 Britannia
926 1061 1025 1201 (υέ
1053 1072 1113 1122 et
1154 1064 1419 1144 illyrico,
1458 1085 1602 1144 quos
1649 1065 1805 1124 idem
1840 1063 2030 1134 Nero,
2069 1063 2304 1126 electos

369 1141 822 1221 praemissosque
850 1143 922 1201 ad
956 1162 989 1201 c
1016 1131 1207 1203 austra
1247 1145 1613 1221 Caspiarum,
1640 1144 1734 1224 (v)
1772 1152 1832 1203 et
1860 1144 2100 1215 bellum,
2137 1138 2307 1217 quod

367 1221 427 1278 in
456 1221 707 1280 Albanos
742 1224 999 1301 parabat,
1044 1224 1441 1299 opprimendis
1485 1224 1742 1279 Vindicis
1785 1221 2007 1289 coeptis
2045 1236 2305 1298 regoca·
2405 1221 2406 1248 ff

374 1307 543 1359 verat
569 1323 582 1356 ε
629 1303 827 1374 ingens
859 1301 1025 1355 novis
1048 1302 1224 1355 rebus
1253 1297 1511 1366 materia,
1535 1305 1598 1353 ut
1620 1313 1731 1352 non
1753 1296 1811 1349 in
1837 1299 2014 1349 unum
2033 1291 2307 1369 aliquem
2403 1303 2409 1348 1

371 1395 560 1454 prono
587 1377 809 1446 favore,
837 1377 916 1432 ita
943 1376 1171 1434 audenti
1198 1384 1414 1450 parata.
1733 1435 1734 1438 Ἴ
2233 1442 2240 1447 ,

453 1453 588 1510 Vll.
634 1455 813 1512 Forte
849 1455 1216 1528 congruerat,
1245 1462 1309 1511 ut
1337 1451 1528 1510 Clodii
1556 1448 1741 1508 Macri
1762 1455 1824 1508 et
1854 1449 2085 1508 Fonteii
2114 1449 2304 1529 Capi·
2401 1423 2410 1526 Ι

371 1531 521 1590 tonis
558 1533 750 1591 caedes
778 1532 1209 1590 nunciarentur.
1296 1531 1587 1611 Macrum,
1623 1530 1683 1587 in
1708 1528 1908 1604 Africa
1937 1529 2091 1588 haud
2117 1531 2314 1591 dubie
2409 1571 2410 1608 3

371 1613 720 1681 turbantem,
750 1611 1083 1668 Trebonius
1122 1608 1507 1679 Garucianus‚
1550 1610 1925 1681 Procurator,
1952 1609 2120 1686 jussu
2153 1613 2306 1670 Gal·
2401 1613 2410 1650 ‘=

370 1690 464 1749 bae
493 1713 507 1763 ;
552 1689 899 1765 Capitonem
915 1689 973 1746 in
993 1688 1331 1758 Germania,
1348 1708 1481 1748 cum
1501 1689 1708 1747 similia
1727 1695 2035 1765 coeptaret,
2064 1689 2306 1750 Corne·-
2411 1765 2412 1768 Ἴ

369 1769 479 1827 lius
508 1769 766 1845 Aquinus
795 1776 856 1827 et
892 1767 1103 1828 Fabius
1130 1767 1603 1845 ValenS,Legati
1617 1768 1943 1845 legionum,
1980 1768 2305 1829 interfece·
2365 1770 2374 1774 ’
2409 1773 2412 1848 3*

374 1856 523 1916 rant,
552 1856 857 1924 antequam
873 1848 1248 1924 juberentur.
1335 1845 1531 1908 Fuere
1560 1850 1660 1927 qui
1695 1849 2033 1919 crederent,
2057 1847 2303 1926 Capito·
2411 1869 2412 1872 ¹

374 1945 529 1996 nem,
546 1933 612 1984 ut
637 1927 878 1985 avaritia
904 1933 964 1985 et
1000 1929 1238 1988 libidine
1275 1927 1494 1989 foedum
1522 1949 1587 1988 ac
1614 1929 1995 1999 maculosum,
2034 1928 2115 1990 ita
2138 1927 2304 2004 cogi-

373 2008 588 2066 tatione
611 2023 809 2066 rerum·
830 2025 1110 2068 novarum
1151 2009 1491 2069 abstinuisse
1520 2031 1535 2083 ς
1580 2010 1682 2070 sed
1725 2029 1758 2067 a
1784 2009 2036 2086 Legatis,
2077 2008 2310 2067 bellum

374 2088 766 2158 suadentibus,
789 2095 1093 2166 postquam
1120 2092 1412 2169 inpellere
1435 2090 1829 2169 nequiverint,
1856 2090 2081 2162 crimen
2104 2107 2169 2146 ac
2196 2086 2308 2145 do-

374 2166 496 2224 lum
533 2167 914 2245 compositum
943 2169 1131 2229 ultro:
1178 2179 1240 2232 et
1279 2171 1522 2230 Galbam
1562 2169 1879 2228 mobilitate
1926 2168 2162 2245 ingenii,
2200 2174 2308 2237 an,

375 2264 451 2303 ne
477 2248 645 2307 altius
670 2255 1052 2317 scrutaretur,
1088 2267 1323 2326 quoquo
1363 2250 1536 2306 modo
1575 2254 1720 2315 acta,
1770 2247 1908 2322 quia
1932 2247 2142 2303 mutari
2184 2264 2309 2304 non
2407 2280 2413 2319 ‚3

375 2332 666 2402 poterant,
707 2328 1140 2403 comprobasse.
1226 2326 1511 2384 Ceterum
1543 2333 1789 2400 utraque
1837 2322 2031 2382 caedes
2066 2324 2307 2383 sinistre
2407 2346 2412 2397 J

378 2414 648 2482 accepta:
695 2413 756 2463 et
779 2407 968 2466 inviso
995 2406 1180 2465 semel
1210 2404 1507 2480 Principe,
1540 2422 1646 2461 seu
1673 2404 1849 2474 bene,
1878 2421 1986 2461 seu
2011 2405 2161 2464 male
2182 2402 2305 2469 fac-

376 2492 437 2542 ta
463 2491 753 2560 premunt.
779 2485 890 2565 (w)
970 2486 1057 2545 lta
1083 2484 1423 2543 adferebant
1455 2482 1681 2542 venalia
1706 2489 1913 2542 cuncta
1938 2489 2309 2561 prae-poten—
2411 2530 2412 2535 1

381 2571 473 2621 tes
520 2562 750 2621 liberti:
795 2582 1106 2624 servorum
1141 2583 1341 2622 manus
1400 2561 1603 2622 subitis
1640 2562 1849 2633 avidas,
1898 2570 1980 2632 et,
2017 2563 2311 2640 tamquam
2403 2580 2410 2643 j

377 2641 530 2718 apud
614 2661 838 2719 senem,
883 2643 1260 2709 festinantes:
1306 2644 1629 2719 eademque
1699 2662 1872 2701 novae
1935 2642 2083 2701 aulae
2130 2642 2310 2711 mala,

383 2741 554 2810 aeque
605 2723 822 2798 gravia,
875 2742 990 2781 non
1038 2741 1209 2801 aeque
1253 2729 1542 2783 excusata.
1648 2721 1786 2800 Ipsa,
1834 2727 1971 2779 aetas
2019 2718 2117 2798 (x)
2160 2719 2303 2778 Gal·
2399 2764 2410 2851 Ι

454 2896 473 2938 1
508 2889 646 2937 Nero
677 2886 777 2936 had
798 2861 992 2936 forme'd
1025 2901 1059 2934 a
1078 2901 1195 2937 new
1215 2880 1403 2950 legion,
1427 2885 1693 2946 composed
1715 2884 1773 2934 of
1799 2865 1918 2934 men
1939 2882 2153 2933 ‘drasted
2174 2882 2307 2932 from

387 2955 479 3003 the
514 2953 754 3003 marines.
823 2953 921 3004 See
957 2953 1056 3002 this
1078 2952 1230 3015 book,
1270 2968 1308 3001 s.
1329 2953 1472 3002 xxxi.
1537 2950 1584 3001 lt
1620 2951 1662 3000 is
1691 2954 1743 3000 to
1766 2951 1910 3000 these
1947 2951 2063 3000 that
2084 2949 2302 3000 Tacitus

391 3019 570 3069 resers-

452 3100 492 3134 ιι
525 3084 641 3134 The
661 3084 824 3134 forces
856 3082 990 3134 from
1024 3082 1230 3133 Britain
1263 3083 1365 3130 and
1388 3081 1671 3147 Get-many,
1714 3083 1886 3130 which
1907 3079 2047 3128 Nero
2064 3074 2166 3124 had
2190 3076 2305 3122 sent

387 3150 609 3213 sot-ward
629 3166 695 3199 on
715 3165 749 3199 a
769 3150 891 3199 wild
915 3149 1210 3212 expedition
1224 3152 1277 3197 to
1298 3148 1385 3196 the
1406 3148 1578 3197 sti-aits
1599 3148 1656 3198 os
1657 3158 1658 3161 ’
1670 3148 1757 3195 the
1780 3144 2005 3206 Caspian
2029 3141 2144 3202 Sea,
2163 3151 2304 3187 were

387 3216 458 3264 all
480 3215 707 3265 recalled
729 3221 782 3264 to
801 3214 945 3276 quoll
959 3215 1048 3263 the
1070 3214 1415 3263 insurrection
1435 3214 1492 3263 οἰ
1505 3212 1726 3274 Vindex,
1752 3210 1806 3259 iu
1830 3206 1989 3257 Gaul.
2397 3220 2405 3229 ·

456 3297 485 3329 v
516 3281 713 3343 Supply
730 3287 1000 3343 portarum.
1767 3336 1772 3339 Ἦ

455 3362 500 3394 w
533 3345 649 3395 The
670 3345 787 3393 idea
807 3344 866 3403 is,
888 3344 1001 3392 that
1022 3343 1109 3391 the
1131 3350 1240 3392 acts
1260 3343 1319 3393 of
1346 3344 1568 3408 princes,
1607 3341 1755 3390 when
1787 3340 1876 3388 nse
1899 3339 2114 3385 current
2134 3331 2198 3383 οἱ·
2215 3331 2300 3380 the

389 3409 536 3460 times
557 3411 599 3460 is
615 3415 693 3458 set
712 3410 912 3474 against
931 3409 1088 3470 them,
1111 3423 1201 3458 aro
1216 3411 1374 3457 taken
1401 3409 1454 3457 in
1492 3421 1648 3472 gross,
1683 3405 1806 3467 and,
1833 3402 2064 3452 whether
2098 3397 2229 3467 good
2242 3410 2300 3448 or
2391 3408 2400 3418 '

389 3476 511 3537 evil,
534 3475 852 3524 condemned
871 3474 1090 3524 without
1104 3473 1423 3524 distinction.
2387 3452 2414 3529 i

387 3556 491 3663 th&
512 3540 713 3601 (3⁸le
753 3545 829 3656 altd
842 3540 921 3590 his
944 3540 1202 3595 elevationi
1221 3543 1276 3595 to
1299 3539 1386 3592 the
1408 3537 1646 3609 imperial
1678 3536 1897 3610 dignity,
1939 3549 2046 3587 was
2065 3528 2298 3599 κακοῦ]-
2391 3598 2398 3619 5

447 3622 534 3657 m
579 3621 729 3681 year·
743 3622 775 3660 θ
832 3640 848 3666 q
1477 3668 1506 3693 ⁴
2383 3640 2398 3777 '-

2371 3796 2376 3807 J

2357 3812 2368 3825 ,e

2267 3916 2274 3925 x

2279 3950 2288 3957 m

2213 3966 2286 3975 ,Ἰᾈ
