2459 4075
295 162 377 222 36
852 240 860 245 .
891 162 964 224 0.
1007 161 1258 224 GORNz
1302 162 1620 225 TAclTl.
1810 187 1868 225 A.
1899 184 1959 224 υ.
1990 185 2047 224 c.
2078 169 2225 226 821.

294 315 455 371 ut’ne
478 309 678 388 Legati
706 310 965 389 quide‘m,
995 331 1061 371 ac
1090 310 1289 370 Duces
1307 273 1571 390 ‘partium
1593 310 1870 386 restingui
1909 329 2083 388 posse
2110 313 2229 371 ira·

184 397 199 410 '
290 389 557 452 cundiam
584 392 880 452 exercitus
926 392 1385 452 arbitrarentur:
1431 411 1567 451 cum
1607 391 1753 448 haud
1803 391 1985 466 ignari
2011 392 2227 450 discri-

293 470 465 529 minis
510 471 599 531 sui
643 471 1030 542 Viennenses,
1077 473 1408 532 velamenta
1446 478 1506 531 et
1558 469 1760 529 infulas
1807 468 2228 548 praeferentes,

293 550 395 608 ubi
443 569 646 626 agmen
695 552 1037 622 incesserat,
1087 571 1265 615 arma,
1306 571 1523 629 genua,
1574 550 1818 626 vestigia
1867 552 2229 629 prensando,

296 628 525 692 flexere
566 631 812 692 militum
839 634 1081 692 animos.
1167 632 1402 692 Addidit
1429 632 1651 691 Valens
1686 638 1962 691 trecenos
1983 631 2229 707 singulis

294 709 574 769 militibus
613 713 953 773 sestertios:
994 720 1118 771 tum
1155 719 1414 772 vetustas
1450 712 1812 789 dignitasque
1837 711 2084 784 colonias
2122 730 2228 770 va·

297 790 429 861 luit,
473 798 535 849 et
572 794 751 850 verba
780 793 970 864 Fabii,
1012 793 1260 852 salutem
1306 792 1875 868 incolumitatemque
1930 790 2232 850 Viennen-

297 870 447 928 sium
474 873 947 944 commendantis,
975 874 1159 950 aequis
1186 874 1419 932 auribus
1447 876 1725 949 accepta:
1771 871 2008 947 publice
2032 878 2228 931 tamen

299 950 474 1009 armis
516 952 838 1023 mulctanti,
874 954 1118 1031 privatis
1156 959 1218 1010 et
1259 951 1601 1030 promiscuis
1640 952 1826 1026 copiis
1845 979 1852 992 ·
1858 951 2079 1027 juvere
2117 951 2227 1008 mi·

300 1029 487 1090 litem.
564 1032 684 1091 Sed
722 1032 872 1092 fama
905 1039 1175 1091 constans
1208 1032 1334 1103 filit,
1375 1039 1392 1065 ‘
1438 1031 1623 1107 ipsum
1672 1030 1982 1089 Valentem
2025 1049 2228 1106 magna

305 1117 320 1144 ‘
351 1111 600 1188 pecunia
626 1114 933 1188 emptum.’
1016 1112 1074 1190 Is
1118 1111 1217 1171 diu
1253 1111 1542 1180 sordidus,
1588 1116 1837 1187 repente
1867 1110 2056 1180 dives,
2076 1129 2222 1169 -mu-

300 1192 575 1251 tationem
603 1191 851 1250 fortunas
882 1189 1034 1250 'male
1061 1193 1316 1269 tegebat,
1355 1191 1616 1251 accensis
1644 1196 1902 1266 egestate
1931 1190 2100 1265 longa
2120 1209 2221 1249 cu-

298 1271 589 1348 pidinibus
631 1271 1044 1341 inmoderatus,
1090 1278 1171 1342 et,
1208 1271 1370 1348 inopi
1399 1271 1664 1347 juventa,
1703 1289 1888 1328 senex
1926 1270 2219 1347 prodigus.

301 1350 488 1409 Lento
515 1350 726 1409 deinde
754 1352 999 1426 agmine,
1027 1369 1142 1425 per
1174 1351 1321 1409 fines
1349 1352 1727 1425 Allobrogum
1754 1349 1867 1430 (w)
1893 1356 1953 1407 et
1991 1349 2223 1407 Vocon-

303 1431 517 1489 tiomm
542 1430 742 1488 ductus
787 1432 1126 1490 exercitus:
1170 1430 1298 1505 ipsa
1339 1431 1608 1490 itinerum
1652 1430 1836 1505 spatia
1877 1436 1938 1487 et
1984 1429 2220 1488 stativo-

303 1528 432 1569 rum
452 1509 792 1568 mutationes
833 1510 1168 1569 venditante
1206 1510 1396 1580 Duce,
1426 1509 1593 1569 foedis
1625 1508 1988 1586 pactionibus
2016 1509 2222 1568 adver-

301 1608 399 1650 sus
420 1607 792 1664 possessores
814 1609 1080 1667 agrorum
1111 1596 1173 1647 et
1196 1588 1561 1666 Magistratus
1587 1589 1908 1660 civitatum,
1945 1589 2091 1647 adeo
2117 1588 2222 1646 m'i-

303 1669 549 1736 naciter,
596 1677 659 1729 ut
697 1669 857 1728 Luco
898 1669 1302 1749 (municipium
1339 1671 1397 1728 id
1443 1669 1864 1729 Vocontiorum
1905 1667 2027 1747 est)
2069 1667 2230 1727 faces

300 1749 649 1819 admoverit,
685 1749 874 1809 donec
909 1751 1161 1828 pecunie
1192 1750 1587 1826 mitigaretur:
1644 1749 1914 1825 quotiens
1956 1748 2224 1827 pecunioe

302 1830 547 1890 materia
580 1828 835 1898 deesset,
862 1831 1079 1908 stupris
1126 1836 1189 1889 et
1214 1829 1513 1889 adulteriis
1555 1830 1924 1889 exorabatur.
2007 1828 2105 1887 Sic
2154 1827 2226 1886 ad

305 1912 488 1987 Alpes
512 1916 884 1986 perventum.
1243 1927 1250 1935 ·

384 1989 634 2050 LXVII.
679 1987 815 2049 Plus
857 1989 1077 2067 praedae
1120 2006 1190 2050 ac
1238 1990 1523 2068 sanguinis
1566 1989 1807 2050 Caecina
1837 1987 2044 2049 hausit.
2130 1987 2222 2050 ln·

300 2071 618 2133 ritaverant
636 2070 926 2132 turbidum
943 2070 1235 2148 ingenium
1255 2069 1518 2130 Helvetii
1538 2068 1637 2150 (x)
1650 2070 1877 2129 Gallica
1901 2086 2066 2146 gens,
2088 2068 2224 2126 olim

296 2151 477 2211 armis
505 2151 786 2229 virisque,
808 2168 945 2210 mox
970 2152 1253 2210 memoria
1273 2152 1523 2219 nominis
1549 2153 1731 2220 clara,
1773 2150 1850 2208 de
1892 2150 2057 2208 caede
2083 2148 2223 2206 Gal-

302 2232 395 2290 bae
432 2230 639 2306 ignari,
683 2240 745 2290 et
771 2230 1000 2292 Vitellii
1028 2231 1341 2308 imperium
1377 2233 1719 2290 abnuentes.
1805 2227 2035 2287 Initium
2065 2227 2226 2286 bello

292 2310 413 2372 *fuit
444 2310 689 2370 avaritia
730 2330 797 2369 ac
836 2310 1126 2387 festinatio
1172 2309 1649 2368 unaetvicesimae
1689 2307 1967 2383 legionis:
2014 2324 2222 2383 rapue-

303 2400 432 2450 rant
467 2390 796 2466 pecuniam,
832 2390 1063 2447 missam
1102 2387 1163 2446 in
1194 2387 1544 2464 stipendium
1582 2387 1845 2460 castelli;
1889 2386 2045 2464 quod
2086 2386 2228 2448 olim

305 2468 569 2528 Helvetii
610 2469 730 2525 suis
772 2468 1047 2527 militibus
1089 2486 1156 2526 ac
1201 2466 1507 2545 stipendiis
1558 2469 1904 2528 tuebantur:
1970 2484 2131 2543 aeg-re
2165 2464 2224 2524 id

303 2549 458 2626 passi
485 2546 772 2617 Helvetii,
800 2547 1140 2623 interceptis
1186 2547 1476 2625 epistolis,
1507 2568 1636 2626 quae
1665 2548 1898 2607 nomine
1918 2545 2223 2606 Germani-

303 2630 358 2688 ci
387 2627 679 2687 exercitus
708 2627 775 2685 ad
823 2627 1179 2687 Pannonicas
1221 2626 1485 2703 legiones
1522 2628 1879 2697 ferebantur,
1916 2625 2229 2685 Centurio-

302 2728 438 2766 nem
465 2714 526 2765 et
561 2707 834 2785 quosdam
874 2708 1119 2767 militum
1138 2707 1199 2766 in
1227 2708 1489 2768 custodia
1532 2708 1880 2768 retinebant.
1965 2704 2225 2775 Caecina,

300 2788 448 2847 belli
489 2787 712 2857 avidus,
740 2787 1063 2864 proximam
1090 2805 1382 2866 quamque
1414 2790 1667 2866 culpam,
1712 2796 2015 2863 antequam
2040 2784 2221 2862 paeni·

301 2875 477 2937 teret,
518 2868 697 2926 ultum
719 2867 874 2928 ibat:
919 2874 1073 2926 mota
1113 2886 1375 2944 propere
1413 2875 1638 2927 castra:
1684 2868 1886 2926 vastati
1931 2865 2096 2940 agri:
2139 2863 2223 2921 di-

164 2952 189 2975 s
304 2956 504 3027 reptas
521 2947 693 3023 longa
716 2966 862 3025 pace
890 2947 949 3007 in
982 2946 1211 3006 modum
1238 2948 1535 3026 municipii
1562 2954 1887 3008 exstmctus
1915 2946 2102 3009 locus,
2133 2942 2225 3025 (v)

306 3048 529 3089 amoeno
565 3028 878 3088 salubrium
915 3046 1192 3107 aquarum
1233 3047 1339 3088 usu
1379 3026 1700 3106 frequens:
1746 3025 1905 3086 missi
1933 3025 2003 3084 ad
2054 3024 2228 3082 Rhae·

371 3221 415 3255 ω
447 3205 744 3268 Allobroges,
783 3219 817 3252 a
846 3207 1027 3265 people
1056 3206 1120 3253 οἰ
1152 3204 1363 3254 Narbon
1400 3206 1578 3267 Gauiis
1604 3201 1829 3253 situated
1867 3201 2106 3250 between
2136 3199 2224 3249 the

308 3271 490 3327 Rhene
511 3271 613 3318 and
638 3271 779 3323 [ake
797 3269 1014 3319 Leman.

368 3351 406 3385 x
439 3335 552 3384 The
572 3336 817 3396 territory
836 3334 894 3382 of
921 3335 1015 3382 the
1034 3334 1267 3384 Helvetii
1289 3348 1394 3385 was
1425 3349 1460 3385 a
1480 3339 1599 3397 part
1617 3333 1677 3385 os
1702 3330 1875 3383 Celtic
1899 3329 2061 3392 Gaul,
2084 3344 2224 3380 more

306 3400 568 3455 extensive
588 3401 712 3448 than
733 3400 876 3449 what
894 3399 935 3447 is
959 3413 1074 3447 now
1094 3401 1263 3449 called
1305 3400 1662 3451 Switurland.
1731 3398 1847 3447 The
1882 3398 2064 3460 people
2086 3410 2223 3445 were

307 3465 602 3514 celebrated
642 3464 719 3512 sor
761 3464 897 3512 their
917 3463 1153 3527 bravery.
1223 3466 1322 3515 See
1344 3467 1533 3530 Caesar,
1583 3466 1713 3515 Bell.
1731 3463 1877 3515 Gall.
1899 3462 2016 3513 Lib.
2042 3465 2087 3513 1.
2107 3476 2157 3510 s.
2178 3463 2223 3511 1.

366 3548 405 3595 y
440 3529 642 3583 Brotier
657 3544 785 3591 says,
810 3530 909 3578 this
932 3530 1080 3591 place
1097 3544 1202 3578 was
1238 3532 1406 3580 called
1429 3534 1481 3580 in
1503 3532 1714 3581 ancient
1733 3529 2076 3592 inscriptions,
2099 3526 2226 3575 Reu-

302 3599 504 3661 publica
523 3598 774 3661 aquensis,
810 3610 876 3644 on
913 3601 1134 3644 account
1158 3595 1216 3645 of
1238 3597 1326 3645 the
1366 3596 1620 3660 salubrity'
1641 3594 1706 3652 of
1731 3594 1799 3645 its
1819 3600 2027 3647 waten.
2091 3591 2223 3645 Now

313 3664 498 3721 Baden,
523 3662 575 3710 in
599 3661 686 3713 the
707 3661 949 3729 territory
967 3661 1027 3715 of
1037 3661 1391 3718 Switzerland.
