<?xml version="1.0" encoding="UTF-8"?>
<!DOCTYPE html PUBLIC "-//W3C//DTD XHTML 1.0 Transitional//EN"
    "http://www.w3.org/TR/xhtml1/DTD/xhtml1-transitional.dtd">
<html xmlns="http://www.w3.org/1999/xhtml" xml:lang="en" lang="en">
 <head>
  <title>
</title>
<meta http-equiv="Content-Type" content="text/html;charset=utf-8" />
  <meta name='ocr-system' content='tesseract 3.04.00' />
  <meta name='ocr-capabilities' content='ocr_page ocr_carea ocr_par ocr_line ocrx_word'/>
</head>
<body>
  <div class='ocr_page' id='page_1' title='image "./fivebookshistor00willgoog_0093.png"; bbox 0 0 2459 4075; ppageno 0'>
   <div class='ocr_carea' id='block_1_1' title="bbox 237 89 2143 208">
    <p class='ocr_par' dir='ltr' id='par_1_1' title="bbox 237 89 2143 208">
     <span class='ocr_line' id='line_1_1' title="bbox 237 89 2143 208; baseline -0.001 -31"><span class='ocrx_word' id='word_1_1' title='bbox 237 138 287 208; x_wconf 52' lang='lat' dir='ltr'>s,</span> <span class='ocrx_word' id='word_1_2' title='bbox 317 136 375 177; x_wconf 64' lang='lat' dir='ltr'>e.</span> <span class='ocrx_word' id='word_1_3' title='bbox 405 89 518 177; x_wconf 63' lang='lat' dir='ltr'>ooj</span> <span class='ocrx_word' id='word_1_4' title='bbox 673 110 1001 174; x_wconf 74' lang='lat' dir='ltr'>Hls&#39;roa.</span> <span class='ocrx_word' id='word_1_5' title='bbox 1046 114 1202 173; x_wconf 78' lang='lat' dir='ltr'>Lm.</span> <span class='ocrx_word' id='word_1_6' title='bbox 1248 113 1700 175; x_wconf 74' lang='lat' dir='ltr'>SECUNDUS.</span> <span class='ocrx_word' id='word_1_7' title='bbox 2070 122 2143 175; x_wconf 74' lang='grc' dir='ltr'>ει</span> 
     </span>
    </p>
   </div>
   <div class='ocr_carea' id='block_1_2' title="bbox 224 258 2178 3047">
    <p class='ocr_par' dir='ltr' id='par_1_2' title="bbox 240 258 2153 401">
     <span class='ocr_line' id='line_1_2' title="bbox 241 258 2153 341; baseline 0.001 -20"><span class='ocrx_word' id='word_1_8' title='bbox 241 264 421 322; x_wconf 86' lang='lat' dir='ltr'>honos</span> <span class='ocrx_word' id='word_1_9' title='bbox 479 265 630 322; x_wconf 84' lang='lat' dir='ltr'>inter</span> <span class='ocrx_word' id='word_1_10' title='bbox 681 261 955 333; x_wconf 87' lang='lat' dir='ltr'>secunda,</span> <span class='ocrx_word' id='word_1_11' title='bbox 1029 262 1208 322; x_wconf 86' lang='lat' dir='ltr'>rebus</span> <span class='ocrx_word' id='word_1_12' title='bbox 1272 261 1530 321; x_wconf 83' lang='lat' dir='ltr'>adversis</span> <span class='ocrx_word' id='word_1_13' title='bbox 1592 258 1706 341; x_wconf 71' lang='lat' dir='ltr'>(w)</span> <span class='ocrx_word' id='word_1_14' title='bbox 1782 260 1840 319; x_wconf 90' lang='lat' dir='ltr'>in</span> <span class='ocrx_word' id='word_1_15' title='bbox 1896 262 2153 338; x_wconf 84' lang='lat' dir='ltr'>solatium</span> 
     </span>
     <span class='ocr_line' id='line_1_3' title="bbox 240 345 959 401; baseline -0.001 0"><span class='ocrx_word' id='word_1_16' title='bbox 240 345 426 401; x_wconf 84' lang='lat' dir='ltr'><strong>cessit.</strong></span> <span class='ocrx_word' id='word_1_17' title='bbox 887 384 904 390; x_wconf 40' lang='grc' dir='ltr'><em>ι</em></span> <span class='ocrx_word' id='word_1_18' title='bbox 951 373 959 381; x_wconf 90' lang='grc'>·</span> 
     </span>
    </p>

    <p class='ocr_par' dir='ltr' id='par_1_3' title="bbox 224 414 2172 1849">
     <span class='ocr_line' id='line_1_4' title="bbox 305 414 2150 498; baseline -0.001 -19"><span class='ocrx_word' id='word_1_19' title='bbox 305 422 427 479; x_wconf 91' lang='lat' dir='ltr'>LX.</span> <span class='ocrx_word' id='word_1_20' title='bbox 471 421 625 480; x_wconf 91' lang='lat' dir='ltr'>Tum</span> <span class='ocrx_word' id='word_1_21' title='bbox 659 420 952 480; x_wconf 81' lang='lat' dir='ltr'><strong>interfecti</strong></span> <span class='ocrx_word' id='word_1_22' title='bbox 988 419 1386 481; x_wconf 84' lang='lat' dir='ltr'>Centuriones</span> <span class='ocrx_word' id='word_1_23' title='bbox 1423 419 1841 498; x_wconf 84' lang='lat' dir='ltr'>promptissimi</span> <span class='ocrx_word' id='word_1_24' title='bbox 1871 414 2150 478; x_wconf 88' lang='lat' dir='ltr'>Othonia·</span> 
     </span>
     <span class='ocr_line' id='line_1_5' title="bbox 233 498 2157 578; baseline -0.002 -19"><span class='ocrx_word' id='word_1_25' title='bbox 233 520 473 560; x_wconf 88' lang='lat' dir='ltr'>norum:</span> <span class='ocrx_word' id='word_1_26' title='bbox 518 501 672 559; x_wconf 87' lang='lat' dir='ltr'>unde</span> <span class='ocrx_word' id='word_1_27' title='bbox 694 500 995 577; x_wconf 82' lang='lat' dir='ltr'>praecipua</span> <span class='ocrx_word' id='word_1_28' title='bbox 1021 502 1080 559; x_wconf 91' lang='lat' dir='ltr'>in</span> <span class='ocrx_word' id='word_1_29' title='bbox 1103 501 1408 560; x_wconf 89' lang='lat' dir='ltr'>Vitellium</span> <span class='ocrx_word' id='word_1_30' title='bbox 1446 501 1711 559; x_wconf 80' lang='lat' dir='ltr'><strong>alienatio</strong></span> <span class='ocrx_word' id='word_1_31' title='bbox 1747 520 1861 577; x_wconf 84' lang='lat' dir='ltr'>per</span> <span class='ocrx_word' id='word_1_32' title='bbox 1887 498 2157 578; x_wconf 85' lang='lat' dir='ltr'>Illyricos</span> 
     </span>
     <span class='ocr_line' id='line_1_6' title="bbox 234 581 2156 658; baseline -0.002 -18"><span class='ocrx_word' id='word_1_33' title='bbox 234 582 544 640; x_wconf 85' lang='lat' dir='ltr'>exercitus.</span> <span class='ocrx_word' id='word_1_34' title='bbox 629 581 808 638; x_wconf 89' lang='lat' dir='ltr'>Simul</span> <span class='ocrx_word' id='word_1_35' title='bbox 854 588 1073 639; x_wconf 87' lang='lat' dir='ltr'>ceterae</span> <span class='ocrx_word' id='word_1_36' title='bbox 1122 582 1384 658; x_wconf 82' lang='lat' dir='ltr'>legiones</span> <span class='ocrx_word' id='word_1_37' title='bbox 1431 587 1726 649; x_wconf 89' lang='lat' dir='ltr'>contactu,</span> <span class='ocrx_word' id='word_1_38' title='bbox 1770 586 1830 639; x_wconf 95' lang='lat' dir='ltr'>et</span> <span class='ocrx_word' id='word_1_39' title='bbox 1878 581 2156 639; x_wconf 81' lang='lat' dir='ltr'>adversus</span> 
     </span>
     <span class='ocr_line' id='line_1_7' title="bbox 229 659 2159 730; baseline 0 -13"><span class='ocrx_word' id='word_1_40' title='bbox 229 659 609 719; x_wconf 87' lang='lat' dir='ltr'>Germanicos</span> <span class='ocrx_word' id='word_1_41' title='bbox 640 660 853 719; x_wconf 76' lang='lat' dir='ltr'>milites</span> <span class='ocrx_word' id='word_1_42' title='bbox 896 659 1130 730; x_wconf 82' lang='lat' dir='ltr'>invidia,</span> <span class='ocrx_word' id='word_1_43' title='bbox 1166 662 1386 720; x_wconf 91' lang='lat' dir='ltr'>bellum</span> <span class='ocrx_word' id='word_1_44' title='bbox 1424 661 1867 720; x_wconf 84' lang='lat' dir='ltr'>meditabantur.</span> <span class='ocrx_word' id='word_1_45' title='bbox 1955 661 2159 717; x_wconf 86' lang='lat' dir='ltr'>Sueto-</span> 
     </span>
     <span class='ocr_line' id='line_1_8' title="bbox 232 736 2165 816; baseline -0.001 -18"><span class='ocrx_word' id='word_1_46' title='bbox 232 740 381 800; x_wconf 86' lang='lat' dir='ltr'>nium</span> <span class='ocrx_word' id='word_1_47' title='bbox 411 740 739 798; x_wconf 86' lang='lat' dir='ltr'>Paullinum</span> <span class='ocrx_word' id='word_1_48' title='bbox 783 759 849 797; x_wconf 87' lang='lat' dir='ltr'>ac</span> <span class='ocrx_word' id='word_1_49' title='bbox 878 740 1168 799; x_wconf 89' lang='lat' dir='ltr'>Licinium</span> <span class='ocrx_word' id='word_1_50' title='bbox 1191 740 1531 810; x_wconf 88' lang='lat' dir='ltr'>Proculum,</span> <span class='ocrx_word' id='word_1_51' title='bbox 1566 740 1714 798; x_wconf 84' lang='lat' dir='ltr'>tristi</span> <span class='ocrx_word' id='word_1_52' title='bbox 1742 760 1907 799; x_wconf 89' lang='lat' dir='ltr'>mora</span> <span class='ocrx_word' id='word_1_53' title='bbox 1949 736 2165 816; x_wconf 89' lang='lat' dir='ltr'>squali-</span> 
     </span>
     <span class='ocr_line' id='line_1_9' title="bbox 226 819 2164 897; baseline -0.001 -20"><span class='ocrx_word' id='word_1_54' title='bbox 226 820 328 879; x_wconf 85' lang='lat' dir='ltr'>dos</span> <span class='ocrx_word' id='word_1_55' title='bbox 366 820 576 890; x_wconf 90' lang='lat' dir='ltr'>tenuit,</span> <span class='ocrx_word' id='word_1_56' title='bbox 621 820 810 877; x_wconf 90' lang='lat' dir='ltr'>donec</span> <span class='ocrx_word' id='word_1_57' title='bbox 852 819 1048 889; x_wconf 85' lang='lat' dir='ltr'>auditi,</span> <span class='ocrx_word' id='word_1_58' title='bbox 1092 821 1440 879; x_wconf 87' lang='lat' dir='ltr'>necessariis</span> <span class='ocrx_word' id='word_1_59' title='bbox 1494 821 1671 897; x_wconf 85' lang='lat' dir='ltr'>magis</span> <span class='ocrx_word' id='word_1_60' title='bbox 1729 819 2164 880; x_wconf 79' lang='lat' dir='ltr'>defensionibus</span> 
     </span>
     <span class='ocr_line' id='line_1_10' title="bbox 231 898 2160 978; baseline -0.002 -20"><span class='ocrx_word' id='word_1_61' title='bbox 231 919 400 976; x_wconf 87' lang='lat' dir='ltr'>quam</span> <span class='ocrx_word' id='word_1_62' title='bbox 447 899 709 958; x_wconf 85' lang='lat' dir='ltr'>honestis</span> <span class='ocrx_word' id='word_1_63' title='bbox 746 906 1075 957; x_wconf 87' lang='lat' dir='ltr'>uterentur.</span> <span class='ocrx_word' id='word_1_64' title='bbox 1162 898 1557 960; x_wconf 86' lang='lat' dir='ltr'>Proditionem</span> <span class='ocrx_word' id='word_1_65' title='bbox 1602 901 1754 959; x_wconf 87' lang='lat' dir='ltr'>ultro</span> <span class='ocrx_word' id='word_1_66' title='bbox 1790 901 2160 978; x_wconf 85' lang='lat' dir='ltr'>inputabant:</span> 
     </span>
     <span class='ocr_line' id='line_1_11' title="bbox 231 979 2163 1057; baseline -0.001 -19"><span class='ocrx_word' id='word_1_67' title='bbox 231 987 244 1012; x_wconf 80' lang='lat'>⁸</span> <span class='ocrx_word' id='word_1_68' title='bbox 266 980 519 1057; x_wconf 88' lang='lat' dir='ltr'>spatium</span> <span class='ocrx_word' id='word_1_69' title='bbox 543 979 700 1053; x_wconf 86' lang='lat' dir='ltr'>longi</span> <span class='ocrx_word' id='word_1_70' title='bbox 736 987 869 1037; x_wconf 89' lang='lat' dir='ltr'>ante</span> <span class='ocrx_word' id='word_1_71' title='bbox 890 980 1163 1056; x_wconf 86' lang='lat' dir='ltr'>proelium</span> <span class='ocrx_word' id='word_1_72' title='bbox 1191 979 1440 1048; x_wconf 75' lang='lat' dir='ltr'>itineriS,</span> <span class='ocrx_word' id='word_1_73' title='bbox 1469 980 1855 1054; x_wconf 75' lang='lat' dir='ltr'>fatigationem</span> <span class='ocrx_word' id='word_1_74' title='bbox 1885 980 2163 1038; x_wconf 79' lang='lat' dir='ltr'>Othonia-</span> 
     </span>
     <span class='ocr_line' id='line_1_12' title="bbox 232 1058 2164 1133; baseline 0 -15"><span class='ocrx_word' id='word_1_75' title='bbox 232 1065 246 1092; x_wconf 84' lang='lat'><strong>⁴</strong></span> <span class='ocrx_word' id='word_1_76' title='bbox 271 1079 509 1126; x_wconf 89' lang='lat' dir='ltr'>norum,</span> <span class='ocrx_word' id='word_1_77' title='bbox 528 1058 885 1133; x_wconf 82' lang='lat' dir='ltr'>permixtum</span> <span class='ocrx_word' id='word_1_78' title='bbox 911 1058 1201 1116; x_wconf 80' lang='lat' dir='ltr'>vehiculis</span> <span class='ocrx_word' id='word_1_79' title='bbox 1228 1076 1456 1131; x_wconf 85' lang='lat' dir='ltr'>agmen,</span> <span class='ocrx_word' id='word_1_80' title='bbox 1485 1074 1551 1114; x_wconf 89' lang='lat' dir='ltr'>ac</span> <span class='ocrx_word' id='word_1_81' title='bbox 1593 1059 1877 1132; x_wconf 86' lang='lat' dir='ltr'>pleraque</span> <span class='ocrx_word' id='word_1_82' title='bbox 1903 1058 2164 1118; x_wconf 83' lang='lat' dir='ltr'>fortuita-</span> 
     </span>
     <span class='ocr_line' id='line_1_13' title="bbox 224 1135 2166 1213; baseline -0.002 -15"><span class='ocrx_word' id='word_1_83' title='bbox 224 1145 240 1172; x_wconf 87' lang='lat'>‘</span> <span class='ocrx_word' id='word_1_84' title='bbox 262 1146 345 1208; x_wconf 87' lang='lat' dir='ltr'>ta,</span> <span class='ocrx_word' id='word_1_85' title='bbox 367 1136 561 1194; x_wconf 85' lang='lat' dir='ltr'>fraudi</span> <span class='ocrx_word' id='word_1_86' title='bbox 578 1137 722 1192; x_wconf 80' lang='lat' dir='ltr'>suae’</span> <span class='ocrx_word' id='word_1_87' title='bbox 754 1135 1136 1209; x_wconf 74' lang='lat' dir='ltr'>adsignanteS,</span> <span class='ocrx_word' id='word_1_88' title='bbox 1158 1143 1218 1193; x_wconf 88' lang='lat' dir='ltr'>et</span> <span class='ocrx_word' id='word_1_89' title='bbox 1239 1136 1518 1192; x_wconf 85' lang='lat' dir='ltr'>Vitellius</span> <span class='ocrx_word' id='word_1_90' title='bbox 1536 1135 1784 1193; x_wconf 90' lang='lat' dir='ltr'>credidit</span> <span class='ocrx_word' id='word_1_91' title='bbox 1803 1136 1876 1195; x_wconf 88' lang='lat' dir='ltr'>de</span> <span class='ocrx_word' id='word_1_92' title='bbox 1898 1138 2166 1213; x_wconf 82' lang='lat' dir='ltr'>perfidia,</span> 
     </span>
     <span class='ocr_line' id='line_1_14' title="bbox 226 1212 2169 1292; baseline -0.002 -16"><span class='ocrx_word' id='word_1_93' title='bbox 226 1226 292 1276; x_wconf 89' lang='lat' dir='ltr'>et</span> <span class='ocrx_word' id='word_1_94' title='bbox 341 1215 523 1274; x_wconf 88' lang='lat' dir='ltr'>fidem</span> <span class='ocrx_word' id='word_1_95' title='bbox 571 1213 837 1273; x_wconf 41' lang='lat' dir='ltr'>absolvit*</span> <span class='ocrx_word' id='word_1_96' title='bbox 873 1212 968 1292; x_wconf 80' lang='lat' dir='ltr'>(x)</span> <span class='ocrx_word' id='word_1_97' title='bbox 1053 1214 1278 1272; x_wconf 88' lang='lat' dir='ltr'>Salvius</span> <span class='ocrx_word' id='word_1_98' title='bbox 1327 1214 1616 1283; x_wconf 86' lang='lat' dir='ltr'>Titianus,</span> <span class='ocrx_word' id='word_1_99' title='bbox 1646 1213 1910 1272; x_wconf 74' lang='lat' dir='ltr'>Othonis</span> <span class='ocrx_word' id='word_1_100' title='bbox 1963 1215 2169 1284; x_wconf 83' lang='lat' dir='ltr'>frater,</span> 
     </span>
     <span class='ocr_line' id='line_1_15' title="bbox 227 1293 2172 1370; baseline -0.002 -14"><span class='ocrx_word' id='word_1_101' title='bbox 227 1296 458 1356; x_wconf 90' lang='lat' dir='ltr'>nullum</span> <span class='ocrx_word' id='word_1_102' title='bbox 480 1293 796 1351; x_wconf 87' lang='lat' dir='ltr'>discrimen</span> <span class='ocrx_word' id='word_1_103' title='bbox 824 1293 977 1363; x_wconf 89' lang='lat' dir='ltr'>adiit,</span> <span class='ocrx_word' id='word_1_104' title='bbox 1001 1293 1219 1369; x_wconf 86' lang='lat' dir='ltr'>pietate</span> <span class='ocrx_word' id='word_1_105' title='bbox 1246 1300 1306 1352; x_wconf 89' lang='lat' dir='ltr'>et</span> <span class='ocrx_word' id='word_1_106' title='bbox 1330 1294 1557 1370; x_wconf 84' lang='lat' dir='ltr'>ignavia</span> <span class='ocrx_word' id='word_1_107' title='bbox 1572 1302 1897 1351; x_wconf 82' lang='lat' dir='ltr'>excusatus.</span> <span class='ocrx_word' id='word_1_108' title='bbox 1984 1294 2172 1353; x_wconf 86' lang='lat' dir='ltr'>Mario</span> 
     </span>
     <span class='ocr_line' id='line_1_16' title="bbox 229 1373 2172 1451; baseline -0.001 -16"><span class='ocrx_word' id='word_1_109' title='bbox 229 1377 414 1435; x_wconf 86' lang='lat' dir='ltr'>Celso</span> <span class='ocrx_word' id='word_1_110' title='bbox 434 1374 787 1432; x_wconf 86' lang='lat' dir='ltr'>Consulatus</span> <span class='ocrx_word' id='word_1_111' title='bbox 810 1381 1113 1432; x_wconf 83' lang='lat' dir='ltr'>servatur:</span> <span class='ocrx_word' id='word_1_112' title='bbox 1147 1375 1251 1432; x_wconf 88' lang='lat' dir='ltr'>sed</span> <span class='ocrx_word' id='word_1_113' title='bbox 1269 1374 1553 1433; x_wconf 88' lang='lat' dir='ltr'>creditum</span> <span class='ocrx_word' id='word_1_114' title='bbox 1572 1373 1740 1444; x_wconf 84' lang='lat' dir='ltr'>sama,</span> <span class='ocrx_word' id='word_1_115' title='bbox 1765 1374 2172 1451; x_wconf 80' lang='lat' dir='ltr'>objectumque</span> 
     </span>
     <span class='ocr_line' id='line_1_17' title="bbox 234 1452 2167 1532; baseline -0.001 -17"><span class='ocrx_word' id='word_1_116' title='bbox 234 1457 373 1515; x_wconf 80' lang='lat' dir='ltr'>inex</span> <span class='ocrx_word' id='word_1_117' title='bbox 403 1455 464 1513; x_wconf 92' lang='lat' dir='ltr'>in</span> <span class='ocrx_word' id='word_1_118' title='bbox 493 1454 705 1511; x_wconf 85' lang='lat' dir='ltr'>Senatu</span> <span class='ocrx_word' id='word_1_119' title='bbox 734 1452 979 1511; x_wconf 86' lang='lat' dir='ltr'>Caecilio</span> <span class='ocrx_word' id='word_1_120' title='bbox 1008 1452 1294 1531; x_wconf 85' lang='lat' dir='ltr'>Simplici,</span> <span class='ocrx_word' id='word_1_121' title='bbox 1339 1461 1355 1488; x_wconf 83' lang='lat'><strong><em>⁴</em></strong></span> <span class='ocrx_word' id='word_1_122' title='bbox 1381 1455 1534 1531; x_wconf 91' lang='lat' dir='ltr'>quod</span> <span class='ocrx_word' id='word_1_123' title='bbox 1583 1473 1718 1513; x_wconf 89' lang='lat' dir='ltr'>eum</span> <span class='ocrx_word' id='word_1_124' title='bbox 1748 1454 2032 1513; x_wconf 89' lang='lat' dir='ltr'>honorem</span> <span class='ocrx_word' id='word_1_125' title='bbox 2061 1475 2167 1532; x_wconf 82' lang='lat' dir='ltr'>pe—</span> 
     </span>
     <span class='ocr_line' id='line_1_18' title="bbox 234 1531 2172 1605; baseline 0 -10"><span class='ocrx_word' id='word_1_126' title='bbox 234 1534 446 1595; x_wconf 84' lang='lat' dir='ltr'>‘cunia</span> <span class='ocrx_word' id='word_1_127' title='bbox 493 1534 768 1603; x_wconf 89' lang='lat' dir='ltr'>mercari,</span> <span class='ocrx_word' id='word_1_128' title='bbox 798 1551 909 1591; x_wconf 89' lang='lat' dir='ltr'>nec</span> <span class='ocrx_word' id='word_1_129' title='bbox 956 1534 1083 1592; x_wconf 89' lang='lat' dir='ltr'>sine</span> <span class='ocrx_word' id='word_1_130' title='bbox 1129 1535 1308 1592; x_wconf 80' lang='lat' dir='ltr'>exitio</span> <span class='ocrx_word' id='word_1_131' title='bbox 1349 1531 1534 1605; x_wconf 83' lang='lat' dir='ltr'>Celsi,</span> <span class='ocrx_word' id='word_1_132' title='bbox 1564 1533 1847 1594; x_wconf 85' lang='lat' dir='ltr'>voluisset</span> <span class='ocrx_word' id='word_1_133' title='bbox 1873 1536 1912 1592; x_wconf 91' lang='lat'>:&#39;</span> <span class='ocrx_word' id='word_1_134' title='bbox 1957 1537 2172 1595; x_wconf 82' lang='lat' dir='ltr'>restitit</span> 
     </span>
     <span class='ocr_line' id='line_1_19' title="bbox 236 1613 2171 1691; baseline 0 -16"><span class='ocrx_word' id='word_1_135' title='bbox 236 1616 553 1684; x_wconf 86' lang='lat' dir='ltr'>Vitellius;</span> <span class='ocrx_word' id='word_1_136' title='bbox 601 1613 877 1690; x_wconf 87' lang='lat' dir='ltr'>deditque</span> <span class='ocrx_word' id='word_1_137' title='bbox 926 1622 1131 1690; x_wconf 88' lang='lat' dir='ltr'>postea</span> <span class='ocrx_word' id='word_1_138' title='bbox 1155 1615 1530 1673; x_wconf 84' lang='lat' dir='ltr'>Consulatum</span> <span class='ocrx_word' id='word_1_139' title='bbox 1564 1615 1828 1691; x_wconf 87' lang='lat' dir='ltr'>Simplici</span> <span class='ocrx_word' id='word_1_140' title='bbox 1874 1614 2171 1675; x_wconf 83' lang='lat' dir='ltr'>innoxium</span> 
     </span>
     <span class='ocr_line' id='line_1_20' title="bbox 236 1693 2169 1769; baseline -0.001 -15"><span class='ocrx_word' id='word_1_141' title='bbox 236 1703 296 1754; x_wconf 87' lang='lat' dir='ltr'>et</span> <span class='ocrx_word' id='word_1_142' title='bbox 340 1696 682 1769; x_wconf 89' lang='lat' dir='ltr'>inemptum.</span> <span class='ocrx_word' id='word_1_143' title='bbox 773 1693 1129 1765; x_wconf 83' lang='lat' dir='ltr'>Trachalum</span> <span class='ocrx_word' id='word_1_144' title='bbox 1173 1694 1453 1754; x_wconf 80' lang='lat' dir='ltr'>adversus</span> <span class='ocrx_word' id='word_1_145' title='bbox 1497 1694 1869 1753; x_wconf 84' lang='lat' dir='ltr'>criminantes</span> <span class='ocrx_word' id='word_1_146' title='bbox 1909 1696 2169 1767; x_wconf 88' lang='lat' dir='ltr'>Galeria,</span> 
     </span>
     <span class='ocr_line' id='line_1_21' title="bbox 236 1773 968 1849; baseline -0.003 -17"><span class='ocrx_word' id='word_1_147' title='bbox 236 1794 385 1833; x_wconf 83' lang='lat' dir='ltr'>uxor</span> <span class='ocrx_word' id='word_1_148' title='bbox 413 1773 663 1842; x_wconf 90' lang='lat' dir='ltr'>Vitellii,</span> <span class='ocrx_word' id='word_1_149' title='bbox 693 1774 968 1849; x_wconf 82' lang='lat' dir='ltr'>protexit.</span> 
     </span>
    </p>

    <p class='ocr_par' dir='ltr' id='par_1_4' title="bbox 230 1853 2178 2643">
     <span class='ocr_line' id='line_1_22' title="bbox 313 1853 2171 1932; baseline 0.002 -21"><span class='ocrx_word' id='word_1_150' title='bbox 313 1854 473 1911; x_wconf 88' lang='lat' dir='ltr'><strong>LXI.</strong></span> <span class='ocrx_word' id='word_1_151' title='bbox 521 1855 682 1910; x_wconf 89' lang='lat' dir='ltr'>Inter</span> <span class='ocrx_word' id='word_1_152' title='bbox 728 1873 1070 1929; x_wconf 84' lang='lat' dir='ltr'>magnorum</span> <span class='ocrx_word' id='word_1_153' title='bbox 1111 1853 1376 1912; x_wconf 86' lang='lat' dir='ltr'>virorum</span> <span class='ocrx_word' id='word_1_154' title='bbox 1417 1853 1746 1913; x_wconf 85' lang='lat' dir='ltr'>discrimina</span> <span class='ocrx_word' id='word_1_155' title='bbox 1808 1854 2171 1932; x_wconf 87' lang='lat' dir='ltr'>(pudendum</span> 
     </span>
     <span class='ocr_line' id='line_1_23' title="bbox 231 1932 2173 2012; baseline 0 -18"><span class='ocrx_word' id='word_1_156' title='bbox 231 1934 423 2012; x_wconf 84' lang='lat' dir='ltr'>dictu)</span> <span class='ocrx_word' id='word_1_157' title='bbox 465 1932 753 1992; x_wconf 86' lang='lat' dir='ltr'>Mariccus</span> <span class='ocrx_word' id='word_1_158' title='bbox 802 1933 1056 2010; x_wconf 84' lang='lat' dir='ltr'>quidam,</span> <span class='ocrx_word' id='word_1_159' title='bbox 1097 1952 1131 1991; x_wconf 91' lang='lat' dir='ltr'>e</span> <span class='ocrx_word' id='word_1_160' title='bbox 1177 1935 1354 2010; x_wconf 83' lang='lat' dir='ltr'>plebe</span> <span class='ocrx_word' id='word_1_161' title='bbox 1399 1933 1700 2004; x_wconf 89' lang='lat' dir='ltr'>Boiorum,</span> <span class='ocrx_word' id='word_1_162' title='bbox 1741 1937 2006 1995; x_wconf 88' lang='lat' dir='ltr'>inserere</span> <span class='ocrx_word' id='word_1_163' title='bbox 2036 1955 2173 1998; x_wconf 83' lang='lat' dir='ltr'>sese</span> 
     </span>
     <span class='ocr_line' id='line_1_24' title="bbox 233 2013 2173 2088; baseline -0.001 -14"><span class='ocrx_word' id='word_1_164' title='bbox 233 2014 515 2074; x_wconf 82' lang='lat' dir='ltr'>Fortunae</span> <span class='ocrx_word' id='word_1_165' title='bbox 540 2020 599 2071; x_wconf 89' lang='lat' dir='ltr'>et</span> <span class='ocrx_word' id='word_1_166' title='bbox 626 2032 951 2088; x_wconf 89' lang='lat' dir='ltr'>provocare</span> <span class='ocrx_word' id='word_1_167' title='bbox 980 2032 1139 2072; x_wconf 90' lang='lat' dir='ltr'>arma</span> <span class='ocrx_word' id='word_1_168' title='bbox 1161 2013 1438 2083; x_wconf 85' lang='lat' dir='ltr'>Romana,</span> <span class='ocrx_word' id='word_1_169' title='bbox 1462 2014 1826 2072; x_wconf 85' lang='lat' dir='ltr'>simulatione</span> <span class='ocrx_word' id='word_1_170' title='bbox 1855 2016 1911 2072; x_wconf 92' lang='lat' dir='ltr'>N</span> <span class='ocrx_word' id='word_1_171' title='bbox 1916 2017 2173 2073; x_wconf 88' lang='lat' dir='ltr'>uminum</span> 
     </span>
     <span class='ocr_line' id='line_1_25' title="bbox 235 2090 2177 2173; baseline -0.003 -17"><span class='ocrx_word' id='word_1_172' title='bbox 235 2115 407 2155; x_wconf 86' lang='lat' dir='ltr'>ausus</span> <span class='ocrx_word' id='word_1_173' title='bbox 439 2098 545 2150; x_wconf 89' lang='lat' dir='ltr'>est.</span> <span class='ocrx_word' id='word_1_174' title='bbox 630 2090 876 2166; x_wconf 85' lang='lat' dir='ltr'>Jamque</span> <span class='ocrx_word' id='word_1_175' title='bbox 919 2101 934 2125; x_wconf 93' lang='lat'>‘</span> <span class='ocrx_word' id='word_1_176' title='bbox 956 2093 1219 2152; x_wconf 86' lang='lat' dir='ltr'>adsertor</span> <span class='ocrx_word' id='word_1_177' title='bbox 1250 2094 1570 2151; x_wconf 85' lang='lat' dir='ltr'>Galliarum</span> <span class='ocrx_word' id='word_1_178' title='bbox 1601 2100 1660 2150; x_wconf 92' lang='lat' dir='ltr'>et</span> <span class='ocrx_word' id='word_1_179' title='bbox 1705 2094 1886 2150; x_wconf 88' lang='lat' dir='ltr'>Deus’</span> <span class='ocrx_word' id='word_1_180' title='bbox 1935 2094 2177 2173; x_wconf 88' lang='lat' dir='ltr'>(nomen</span> 
     </span>
     <span class='ocr_line' id='line_1_26' title="bbox 234 2169 2173 2249; baseline -0.002 -14"><span class='ocrx_word' id='word_1_181' title='bbox 234 2177 292 2235; x_wconf 89' lang='lat' dir='ltr'>id</span> <span class='ocrx_word' id='word_1_182' title='bbox 319 2175 439 2234; x_wconf 84' lang='lat' dir='ltr'>sibi</span> <span class='ocrx_word' id='word_1_183' title='bbox 462 2169 773 2248; x_wconf 82' lang='lat' dir='ltr'>indiderat)</span> <span class='ocrx_word' id='word_1_184' title='bbox 818 2172 1059 2232; x_wconf 87' lang='lat' dir='ltr'>concitis</span> <span class='ocrx_word' id='word_1_185' title='bbox 1088 2181 1217 2232; x_wconf 87' lang='lat' dir='ltr'>octo</span> <span class='ocrx_word' id='word_1_186' title='bbox 1242 2172 1495 2232; x_wconf 84' lang='lat' dir='ltr'>millibus</span> <span class='ocrx_word' id='word_1_187' title='bbox 1525 2174 1844 2241; x_wconf 88' lang='lat' dir='ltr'>hominum,</span> <span class='ocrx_word' id='word_1_188' title='bbox 1874 2173 2173 2249; x_wconf 86' lang='lat' dir='ltr'>proximos</span> 
     </span>
     <span class='ocr_line' id='line_1_27' title="bbox 237 2251 2178 2327; baseline -0.002 -13"><span class='ocrx_word' id='word_1_189' title='bbox 237 2257 568 2315; x_wconf 82' lang='lat' dir='ltr'>AEduorum</span> <span class='ocrx_word' id='word_1_190' title='bbox 596 2269 772 2325; x_wconf 88' lang='lat' dir='ltr'>pagos</span> <span class='ocrx_word' id='word_1_191' title='bbox 814 2252 1120 2322; x_wconf 54' lang='lat' dir='ltr'>trahebam</span> <span class='ocrx_word' id='word_1_192' title='bbox 1166 2274 1298 2313; x_wconf 85' lang='lat' dir='ltr'>cum</span> <span class='ocrx_word' id='word_1_193' title='bbox 1342 2253 1679 2327; x_wconf 84' lang='lat' dir='ltr'>gravissima</span> <span class='ocrx_word' id='word_1_194' title='bbox 1719 2251 1941 2323; x_wconf 79' lang='lat' dir='ltr'>civitaS,</span> <span class='ocrx_word' id='word_1_195' title='bbox 1987 2254 2178 2311; x_wconf 88' lang='lat' dir='ltr'>electa</span> 
     </span>
     <span class='ocr_line' id='line_1_28' title="bbox 230 2330 2176 2413; baseline -0.003 -18"><span class='ocrx_word' id='word_1_196' title='bbox 230 2337 570 2413; x_wconf 83' lang='lat' dir='ltr'>juventute,</span> <span class='ocrx_word' id='word_1_197' title='bbox 600 2330 838 2406; x_wconf 87' lang='lat' dir='ltr'>adjectis</span> <span class='ocrx_word' id='word_1_198' title='bbox 868 2353 901 2389; x_wconf 93' lang='lat' dir='ltr'>a</span> <span class='ocrx_word' id='word_1_199' title='bbox 922 2331 1163 2393; x_wconf 86' lang='lat' dir='ltr'>Vitellio</span> <span class='ocrx_word' id='word_1_200' title='bbox 1191 2334 1549 2403; x_wconf 83' lang='lat' dir='ltr'>cohortibus,</span> <span class='ocrx_word' id='word_1_201' title='bbox 1578 2331 1880 2391; x_wconf 83' lang='lat' dir='ltr'>fanaticam</span> <span class='ocrx_word' id='word_1_202' title='bbox 1922 2333 2176 2390; x_wconf 89' lang='lat' dir='ltr'>multitu·-</span> 
     </span>
     <span class='ocr_line' id='line_1_29' title="bbox 240 2409 2178 2489; baseline -0.002 -15"><span class='ocrx_word' id='word_1_203' title='bbox 240 2417 434 2474; x_wconf 89' lang='lat' dir='ltr'>dinem</span> <span class='ocrx_word' id='word_1_204' title='bbox 460 2409 707 2486; x_wconf 87' lang='lat' dir='ltr'>disjecit.</span> <span class='ocrx_word' id='word_1_205' title='bbox 794 2410 1013 2486; x_wconf 82' lang='lat' dir='ltr'>Captus</span> <span class='ocrx_word' id='word_1_206' title='bbox 1036 2413 1094 2469; x_wconf 89' lang='lat' dir='ltr'>in</span> <span class='ocrx_word' id='word_1_207' title='bbox 1124 2431 1195 2470; x_wconf 92' lang='lat' dir='ltr'>eo</span> <span class='ocrx_word' id='word_1_208' title='bbox 1218 2414 1430 2489; x_wconf 83' lang='lat' dir='ltr'>proelio</span> <span class='ocrx_word' id='word_1_209' title='bbox 1458 2414 1748 2472; x_wconf 86' lang='lat' dir='ltr'>Mariccus</span> <span class='ocrx_word' id='word_1_210' title='bbox 1779 2433 1843 2471; x_wconf 89' lang='lat' dir='ltr'>ac</span> <span class='ocrx_word' id='word_1_211' title='bbox 1873 2431 2006 2471; x_wconf 80' lang='lat' dir='ltr'>mox</span> <span class='ocrx_word' id='word_1_212' title='bbox 2035 2411 2178 2471; x_wconf 88' lang='lat' dir='ltr'>feris</span> 
     </span>
     <span class='ocr_line' id='line_1_30' title="bbox 242 2490 2177 2572; baseline -0.002 -18"><span class='ocrx_word' id='word_1_213' title='bbox 242 2497 530 2572; x_wconf 73' lang='lat' dir='ltr'>objectuS,</span> <span class='ocrx_word' id='word_1_214' title='bbox 562 2490 692 2566; x_wconf 85' lang='lat' dir='ltr'>quia</span> <span class='ocrx_word' id='word_1_215' title='bbox 726 2509 839 2546; x_wconf 90' lang='lat' dir='ltr'>non</span> <span class='ocrx_word' id='word_1_216' title='bbox 867 2490 1203 2558; x_wconf 83' lang='lat' dir='ltr'>laniabatur,</span> <span class='ocrx_word' id='word_1_217' title='bbox 1235 2492 1503 2550; x_wconf 87' lang='lat' dir='ltr'>stolidum</span> <span class='ocrx_word' id='word_1_218' title='bbox 1533 2493 1735 2567; x_wconf 86' lang='lat' dir='ltr'>vulgus</span> <span class='ocrx_word' id='word_1_219' title='bbox 1762 2493 2177 2552; x_wconf 84' lang='lat' dir='ltr'>inviolabilem</span> 
     </span>
     <span class='ocr_line' id='line_1_31' title="bbox 245 2567 1903 2643; baseline -0.003 -8"><span class='ocrx_word' id='word_1_220' title='bbox 245 2574 548 2638; x_wconf 88' lang='lat' dir='ltr'>credebat,</span> <span class='ocrx_word' id='word_1_221' title='bbox 579 2569 788 2637; x_wconf 87' lang='lat' dir='ltr'>donec,</span> <span class='ocrx_word' id='word_1_222' title='bbox 818 2574 1117 2643; x_wconf 88' lang='lat' dir='ltr'>spectante</span> <span class='ocrx_word' id='word_1_223' title='bbox 1142 2567 1406 2638; x_wconf 80' lang='lat' dir='ltr'>Vitellio,</span> <span class='ocrx_word' id='word_1_224' title='bbox 1427 2569 1766 2630; x_wconf 87' lang='lat' dir='ltr'>interfectus</span> <span class='ocrx_word' id='word_1_225' title='bbox 1797 2581 1903 2633; x_wconf 86' lang='lat' dir='ltr'>est.</span> 
     </span>
    </p>

    <p class='ocr_par' dir='ltr' id='par_1_5' title="bbox 243 2646 2177 3047">
     <span class='ocr_line' id='line_1_32' title="bbox 320 2646 2176 2729; baseline 0.002 -19"><span class='ocrx_word' id='word_1_226' title='bbox 320 2652 508 2711; x_wconf 86' lang='lat' dir='ltr'><strong>LXII.</strong></span> <span class='ocrx_word' id='word_1_227' title='bbox 556 2647 688 2706; x_wconf 89' lang='lat' dir='ltr'>Nec</span> <span class='ocrx_word' id='word_1_228' title='bbox 717 2649 870 2705; x_wconf 89' lang='lat' dir='ltr'>ultra</span> <span class='ocrx_word' id='word_1_229' title='bbox 904 2648 964 2705; x_wconf 90' lang='lat' dir='ltr'>in</span> <span class='ocrx_word' id='word_1_230' title='bbox 992 2646 1347 2718; x_wconf 84' lang='lat' dir='ltr'>defectores,</span> <span class='ocrx_word' id='word_1_231' title='bbox 1378 2658 1475 2708; x_wconf 86' lang='lat' dir='ltr'>aut</span> <span class='ocrx_word' id='word_1_232' title='bbox 1504 2651 1651 2709; x_wconf 87' lang='lat' dir='ltr'>bona</span> <span class='ocrx_word' id='word_1_233' title='bbox 1672 2652 2030 2729; x_wconf 86' lang='lat' dir='ltr'>cujusquam,</span> <span class='ocrx_word' id='word_1_234' title='bbox 2065 2673 2176 2712; x_wconf 83' lang='lat' dir='ltr'>sae-</span> 
     </span>
     <span class='ocr_line' id='line_1_33' title="bbox 243 2727 2174 2807; baseline 0.001 -14"><span class='ocrx_word' id='word_1_235' title='bbox 243 2734 461 2794; x_wconf 83' lang='lat' dir='ltr'>vitum:</span> <span class='ocrx_word' id='word_1_236' title='bbox 507 2736 630 2786; x_wconf 90' lang='lat' dir='ltr'>rata</span> <span class='ocrx_word' id='word_1_237' title='bbox 664 2727 833 2787; x_wconf 87' lang='lat' dir='ltr'>suere</span> <span class='ocrx_word' id='word_1_238' title='bbox 877 2747 1104 2798; x_wconf 89' lang='lat' dir='ltr'>eorum,</span> <span class='ocrx_word' id='word_1_239' title='bbox 1135 2730 1234 2807; x_wconf 92' lang='lat' dir='ltr'>qui</span> <span class='ocrx_word' id='word_1_240' title='bbox 1280 2729 1403 2788; x_wconf 90' lang='lat' dir='ltr'>acie</span> <span class='ocrx_word' id='word_1_241' title='bbox 1448 2730 1771 2790; x_wconf 85' lang='lat' dir='ltr'>Othoniana</span> <span class='ocrx_word' id='word_1_242' title='bbox 1814 2736 2174 2805; x_wconf 87' lang='lat' dir='ltr'>ceciderant,</span> 
     </span>
     <span class='ocr_line' id='line_1_34' title="bbox 245 2809 2175 2891; baseline 0 -19"><span class='ocrx_word' id='word_1_243' title='bbox 245 2816 603 2878; x_wconf 84' lang='lat' dir='ltr'>testamenta,</span> <span class='ocrx_word' id='word_1_244' title='bbox 634 2816 730 2866; x_wconf 87' lang='lat' dir='ltr'>aut</span> <span class='ocrx_word' id='word_1_245' title='bbox 770 2810 871 2866; x_wconf 83' lang='lat' dir='ltr'>lex</span> <span class='ocrx_word' id='word_1_246' title='bbox 898 2809 1177 2869; x_wconf 80' lang='lat' dir='ltr'>intestatis</span> <span class='ocrx_word' id='word_1_247' title='bbox 1202 2834 1217 2869; x_wconf 75' lang='grc' dir='ltr'><strong><em>ε</em></strong></span> <span class='ocrx_word' id='word_1_248' title='bbox 1250 2829 1511 2887; x_wconf 88' lang='lat' dir='ltr'>prorsus,</span> <span class='ocrx_word' id='word_1_249' title='bbox 1541 2812 1589 2870; x_wconf 87' lang='lat' dir='ltr'>si</span> <span class='ocrx_word' id='word_1_250' title='bbox 1611 2813 1858 2871; x_wconf 81' lang='lat' dir='ltr'>luxuriae</span> <span class='ocrx_word' id='word_1_251' title='bbox 1885 2822 2175 2891; x_wconf 85' lang='lat' dir='ltr'>tempera—</span> 
     </span>
     <span class='ocr_line' id='line_1_35' title="bbox 246 2888 2177 2969; baseline 0.001 -19"><span class='ocrx_word' id='word_1_252' title='bbox 246 2900 360 2961; x_wconf 90' lang='lat' dir='ltr'>ret,</span> <span class='ocrx_word' id='word_1_253' title='bbox 387 2890 677 2949; x_wconf 81' lang='lat' dir='ltr'>avaritiam</span> <span class='ocrx_word' id='word_1_254' title='bbox 701 2908 814 2946; x_wconf 89' lang='lat' dir='ltr'>non</span> <span class='ocrx_word' id='word_1_255' title='bbox 836 2890 1096 2946; x_wconf 79' lang='lat' dir='ltr'>timeres,</span> <span class='ocrx_word' id='word_1_256' title='bbox 1183 2888 1506 2968; x_wconf 86' lang='lat' dir='ltr'>Epularum</span> <span class='ocrx_word' id='word_1_257' title='bbox 1536 2891 1689 2950; x_wconf 85' lang='lat' dir='ltr'>foeda</span> <span class='ocrx_word' id='word_1_258' title='bbox 1717 2900 1776 2950; x_wconf 92' lang='lat' dir='ltr'>et</span> <span class='ocrx_word' id='word_1_259' title='bbox 1802 2894 2177 2969; x_wconf 84' lang='lat' dir='ltr'>inexplebilis</span> 
     </span>
     <span class='ocr_line' id='line_1_36' title="bbox 243 2965 2175 3047; baseline 0.001 -17"><span class='ocrx_word' id='word_1_260' title='bbox 243 2972 457 3030; x_wconf 87' lang='lat' dir='ltr'>libido:</span> <span class='ocrx_word' id='word_1_261' title='bbox 486 2965 575 3047; x_wconf 73' lang='lat' dir='ltr'>(y)</span> <span class='ocrx_word' id='word_1_262' title='bbox 622 2987 698 3026; x_wconf 81' lang='lat' dir='ltr'>ex</span> <span class='ocrx_word' id='word_1_263' title='bbox 726 2969 872 3026; x_wconf 91' lang='lat' dir='ltr'>urbe</span> <span class='ocrx_word' id='word_1_264' title='bbox 898 2976 1069 3045; x_wconf 89' lang='lat' dir='ltr'>atque</span> <span class='ocrx_word' id='word_1_265' title='bbox 1093 2969 1262 3029; x_wconf 85' lang='lat' dir='ltr'>Italia</span> <span class='ocrx_word' id='word_1_266' title='bbox 1281 2971 1646 3030; x_wconf 89' lang='lat' dir='ltr'>inritamenta</span> <span class='ocrx_word' id='word_1_267' title='bbox 1683 2973 1836 3047; x_wconf 81' lang='lat' dir='ltr'>gulae</span> <span class='ocrx_word' id='word_1_268' title='bbox 1871 2976 2175 3047; x_wconf 81' lang='lat' dir='ltr'>gestaban-</span> 
     </span>
    </p>
   </div>
   <div class='ocr_carea' id='block_1_3' title="bbox 253 3220 2192 3361">
    <p class='ocr_par' dir='ltr' id='par_1_6' title="bbox 253 3220 2192 3361">
     <span class='ocr_line' id='line_1_37' title="bbox 314 3220 2192 3295; baseline 0.002 -17"><span class='ocrx_word' id='word_1_269' title='bbox 314 3245 359 3278; x_wconf 83' lang='lat' dir='ltr'><strong><em>w</em></strong></span> <span class='ocrx_word' id='word_1_270' title='bbox 394 3231 438 3278; x_wconf 88' lang='lat' dir='ltr'>A</span> <span class='ocrx_word' id='word_1_271' title='bbox 454 3231 593 3279; x_wconf 84' lang='lat' dir='ltr'>short</span> <span class='ocrx_word' id='word_1_272' title='bbox 623 3229 747 3279; x_wconf 87' lang='lat' dir='ltr'>time</span> <span class='ocrx_word' id='word_1_273' title='bbox 781 3224 909 3277; x_wconf 81' lang='lat' dir='ltr'>aster</span> <span class='ocrx_word' id='word_1_274' title='bbox 930 3224 997 3274; x_wconf 74' lang='lat' dir='ltr'>he</span> <span class='ocrx_word' id='word_1_275' title='bbox 1018 3224 1121 3274; x_wconf 87' lang='lat' dir='ltr'>had</span> <span class='ocrx_word' id='word_1_276' title='bbox 1156 3220 1289 3273; x_wconf 90' lang='lat' dir='ltr'>been</span> <span class='ocrx_word' id='word_1_277' title='bbox 1309 3220 1577 3274; x_wconf 83' lang='lat' dir='ltr'>decorated</span> <span class='ocrx_word' id='word_1_278' title='bbox 1607 3227 1735 3277; x_wconf 82' lang='lat' dir='ltr'>&#39;with</span> <span class='ocrx_word' id='word_1_279' title='bbox 1775 3229 1862 3278; x_wconf 86' lang='lat' dir='ltr'>the</span> <span class='ocrx_word' id='word_1_280' title='bbox 1886 3229 2096 3295; x_wconf 80' lang='lat' dir='ltr'>insignia</span> <span class='ocrx_word' id='word_1_281' title='bbox 2132 3232 2192 3282; x_wconf 86' lang='lat' dir='ltr'>of</span> 
     </span>
     <span class='ocr_line' id='line_1_38' title="bbox 253 3292 1787 3361; baseline 0.002 -20"><span class='ocrx_word' id='word_1_282' title='bbox 253 3296 466 3359; x_wconf 81' lang='lat' dir='ltr'>royaJty,</span> <span class='ocrx_word' id='word_1_283' title='bbox 488 3298 553 3345; x_wconf 89' lang='lat' dir='ltr'>he</span> <span class='ocrx_word' id='word_1_284' title='bbox 575 3310 678 3344; x_wconf 81' lang='lat' dir='ltr'>was</span> <span class='ocrx_word' id='word_1_285' title='bbox 699 3300 795 3361; x_wconf 86' lang='lat' dir='ltr'>put</span> <span class='ocrx_word' id='word_1_286' title='bbox 809 3300 862 3342; x_wconf 87' lang='lat' dir='ltr'>to</span> <span class='ocrx_word' id='word_1_287' title='bbox 882 3292 1035 3341; x_wconf 81' lang='lat' dir='ltr'>death</span> <span class='ocrx_word' id='word_1_288' title='bbox 1056 3292 1127 3355; x_wconf 82' lang='lat' dir='ltr'>by</span> <span class='ocrx_word' id='word_1_289' title='bbox 1147 3292 1237 3340; x_wconf 86' lang='lat' dir='ltr'>the</span> <span class='ocrx_word' id='word_1_290' title='bbox 1257 3292 1404 3340; x_wconf 84' lang='lat' dir='ltr'>order</span> <span class='ocrx_word' id='word_1_291' title='bbox 1425 3292 1483 3340; x_wconf 87' lang='lat' dir='ltr'>of</span> <span class='ocrx_word' id='word_1_292' title='bbox 1505 3292 1787 3344; x_wconf 77' lang='lat' dir='ltr'>Mucianus,</span> 
     </span>
    </p>
   </div>
   <div class='ocr_carea' id='block_1_4' title="bbox 316 3348 2281 3422">
    <p class='ocr_par' dir='ltr' id='par_1_7' title="bbox 316 3348 2281 3422">
     <span class='ocr_line' id='line_1_39' title="bbox 316 3348 2281 3422; baseline 0.001 -11"><span class='ocrx_word' id='word_1_293' title='bbox 316 3378 352 3411; x_wconf 78' lang='lat' dir='ltr'>a:</span> <span class='ocrx_word' id='word_1_294' title='bbox 389 3361 647 3411; x_wconf 85' lang='lat' dir='ltr'>Paullinus</span> <span class='ocrx_word' id='word_1_295' title='bbox 686 3358 783 3409; x_wconf 84' lang='lat' dir='ltr'>and</span> <span class='ocrx_word' id='word_1_296' title='bbox 805 3360 1049 3408; x_wconf 87' lang='lat' dir='ltr'>Proculus</span> <span class='ocrx_word' id='word_1_297' title='bbox 1086 3358 1269 3420; x_wconf 85' lang='lat' dir='ltr'>sought</span> <span class='ocrx_word' id='word_1_298' title='bbox 1309 3374 1340 3405; x_wconf 86' lang='lat' dir='ltr'>a</span> <span class='ocrx_word' id='word_1_299' title='bbox 1360 3359 1547 3422; x_wconf 85' lang='lat' dir='ltr'>pardon</span> <span class='ocrx_word' id='word_1_300' title='bbox 1569 3359 1698 3409; x_wconf 82' lang='lat' dir='ltr'>from</span> <span class='ocrx_word' id='word_1_301' title='bbox 1719 3361 1953 3411; x_wconf 87' lang='lat' dir='ltr'>Vitellius</span> <span class='ocrx_word' id='word_1_302' title='bbox 1990 3377 2054 3411; x_wconf 88' lang='lat' dir='ltr'>on</span> <span class='ocrx_word' id='word_1_303' title='bbox 2089 3360 2178 3413; x_wconf 86' lang='lat' dir='ltr'>the</span> <span class='ocrx_word' id='word_1_304' title='bbox 2276 3348 2281 3351; x_wconf 36' lang='lat'><strong><em>¹</em></strong></span> 
     </span>
    </p>
   </div>
   <div class='ocr_carea' id='block_1_5' title="bbox 254 3424 2179 3619">
    <p class='ocr_par' dir='ltr' id='par_1_8' title="bbox 254 3424 2179 3619">
     <span class='ocr_line' id='line_1_40' title="bbox 254 3424 2179 3489; baseline 0.002 -13"><span class='ocrx_word' id='word_1_305' title='bbox 254 3425 446 3489; x_wconf 79' lang='lat' dir='ltr'>ground</span> <span class='ocrx_word' id='word_1_306' title='bbox 468 3429 580 3475; x_wconf 85' lang='lat' dir='ltr'>that</span> <span class='ocrx_word' id='word_1_307' title='bbox 599 3426 721 3489; x_wconf 85' lang='lat' dir='ltr'>they</span> <span class='ocrx_word' id='word_1_308' title='bbox 741 3426 842 3474; x_wconf 74' lang='lat' dir='ltr'>had</span> <span class='ocrx_word' id='word_1_309' title='bbox 861 3426 992 3472; x_wconf 90' lang='lat' dir='ltr'>been</span> <span class='ocrx_word' id='word_1_310' title='bbox 1011 3424 1333 3472; x_wconf 84' lang='lat' dir='ltr'>treacherous</span> <span class='ocrx_word' id='word_1_311' title='bbox 1354 3431 1408 3474; x_wconf 90' lang='lat' dir='ltr'>to</span> <span class='ocrx_word' id='word_1_312' title='bbox 1432 3425 1596 3483; x_wconf 81' lang='lat' dir='ltr'>Otho;</span> <span class='ocrx_word' id='word_1_313' title='bbox 1630 3427 1728 3476; x_wconf 81' lang='lat' dir='ltr'>and</span> <span class='ocrx_word' id='word_1_314' title='bbox 1748 3428 2001 3487; x_wconf 83' lang='lat' dir='ltr'>Vitellius,</span> <span class='ocrx_word' id='word_1_315' title='bbox 2019 3430 2179 3479; x_wconf 69' lang='lat' dir='ltr'>arecli-</span> 
     </span>
     <span class='ocr_line' id='line_1_41' title="bbox 256 3489 2177 3561; baseline 0.001 -22"><span class='ocrx_word' id='word_1_316' title='bbox 256 3493 331 3542; x_wconf 77' lang='lat' dir='ltr'>dit</span> <span class='ocrx_word' id='word_1_317' title='bbox 352 3494 408 3561; x_wconf 67' lang='lat' dir='ltr'>de</span> <span class='ocrx_word' id='word_1_318' title='bbox 419 3494 649 3557; x_wconf 69' lang='lat' dir='ltr'>perfidia,</span> <span class='ocrx_word' id='word_1_319' title='bbox 668 3508 797 3556; x_wconf 80' lang='lat' dir='ltr'>gave</span> <span class='ocrx_word' id='word_1_320' title='bbox 818 3491 957 3539; x_wconf 85' lang='lat' dir='ltr'>them</span> <span class='ocrx_word' id='word_1_321' title='bbox 977 3490 1137 3541; x_wconf 82' lang='lat' dir='ltr'>credit</span> <span class='ocrx_word' id='word_1_322' title='bbox 1168 3489 1243 3538; x_wconf 87' lang='lat' dir='ltr'>sor</span> <span class='ocrx_word' id='word_1_323' title='bbox 1274 3490 1406 3543; x_wconf 83' lang='lat' dir='ltr'>their</span> <span class='ocrx_word' id='word_1_324' title='bbox 1424 3491 1570 3555; x_wconf 80' lang='lat' dir='ltr'>guilt,</span> <span class='ocrx_word' id='word_1_325' title='bbox 1586 3501 1631 3543; x_wconf 77' lang='lat' dir='ltr'>et</span> <span class='ocrx_word' id='word_1_326' title='bbox 1649 3495 1807 3556; x_wconf 76' lang='lat' dir='ltr'>fidem</span> <span class='ocrx_word' id='word_1_327' title='bbox 1838 3497 2058 3551; x_wconf 76' lang='lat' dir='ltr'>absolvit,</span> <span class='ocrx_word' id='word_1_328' title='bbox 2079 3494 2177 3540; x_wconf 81' lang='lat' dir='ltr'>and</span> 
     </span>
     <span class='ocr_line' id='line_1_42' title="bbox 258 3555 1281 3619; baseline -0.001 -11"><span class='ocrx_word' id='word_1_329' title='bbox 258 3558 510 3618; x_wconf 65' lang='lat' dir='ltr'>pai-donea</span> <span class='ocrx_word' id='word_1_330' title='bbox 530 3556 662 3605; x_wconf 85' lang='lat' dir='ltr'>their</span> <span class='ocrx_word' id='word_1_331' title='bbox 682 3557 902 3619; x_wconf 79' lang='lat' dir='ltr'>fidelity3</span> <span class='ocrx_word' id='word_1_332' title='bbox 935 3556 971 3614; x_wconf 72' lang='lat' dir='ltr'>i,</span> <span class='ocrx_word' id='word_1_333' title='bbox 988 3569 1034 3604; x_wconf 87' lang='lat' dir='ltr'>e.</span> <span class='ocrx_word' id='word_1_334' title='bbox 1056 3560 1108 3605; x_wconf 89' lang='lat' dir='ltr'>to</span> <span class='ocrx_word' id='word_1_335' title='bbox 1130 3555 1281 3607; x_wconf 89' lang='lat' dir='ltr'>Otho.</span> 
     </span>
    </p>
   </div>
   <div class='ocr_carea' id='block_1_6' title="bbox 318 3620 2267 3687">
    <p class='ocr_par' dir='ltr' id='par_1_9' title="bbox 318 3620 2267 3687">
     <span class='ocr_line' id='line_1_43' title="bbox 318 3620 2267 3687; baseline -0.002 -14"><span class='ocrx_word' id='word_1_336' title='bbox 318 3640 354 3685; x_wconf 77' lang='lat' dir='ltr'><strong><em>y</em></strong></span> <span class='ocrx_word' id='word_1_337' title='bbox 385 3624 647 3681; x_wconf 79' lang='lat' dir='ltr'>Whoever</span> <span class='ocrx_word' id='word_1_338' title='bbox 662 3623 845 3675; x_wconf 78' lang='lat' dir='ltr'>desires</span> <span class='ocrx_word' id='word_1_339' title='bbox 865 3627 919 3671; x_wconf 87' lang='lat' dir='ltr'>to</span> <span class='ocrx_word' id='word_1_340' title='bbox 939 3624 1090 3673; x_wconf 86' lang='lat' dir='ltr'>know</span> <span class='ocrx_word' id='word_1_341' title='bbox 1124 3632 1265 3672; x_wconf 85' lang='lat' dir='ltr'>more</span> <span class='ocrx_word' id='word_1_342' title='bbox 1285 3623 1344 3673; x_wconf 87' lang='lat' dir='ltr'>of</span> <span class='ocrx_word' id='word_1_343' title='bbox 1353 3623 1441 3672; x_wconf 79' lang='lat' dir='ltr'>the</span> <span class='ocrx_word' id='word_1_344' title='bbox 1461 3623 1691 3687; x_wconf 83' lang='lat' dir='ltr'>gluttony</span> <span class='ocrx_word' id='word_1_345' title='bbox 1709 3623 1769 3672; x_wconf 81' lang='lat' dir='ltr'>os</span> <span class='ocrx_word' id='word_1_346' title='bbox 1779 3620 2031 3673; x_wconf 72' lang='lat' dir='ltr'>Vitellius,</span> <span class='ocrx_word' id='word_1_347' title='bbox 2056 3625 2176 3670; x_wconf 67' lang='lat'>³¹⁸5</span> <span class='ocrx_word' id='word_1_348' title='bbox 2262 3654 2267 3658; x_wconf 81' lang='lat'><em>-</em></span> 
     </span>
    </p>
   </div>
   <div class='ocr_carea' id='block_1_7' title="bbox 1205 3691 1245 3745">
    <p class='ocr_par' dir='ltr' id='par_1_10' title="bbox 1205 3691 1245 3745">
     <span class='ocr_line' id='line_1_44' title="bbox 1205 3691 1245 3745; baseline 0 0"><span class='ocrx_word' id='word_1_349' title='bbox 1205 3691 1245 3745; x_wconf 88' lang='grc'>9</span> 
     </span>
    </p>
   </div>
   <div class='ocr_carea' id='block_1_8' title="bbox 2312 285 2341 308">
    <p class='ocr_par' dir='ltr' id='par_1_11' title="bbox 2312 285 2341 308">
     <span class='ocr_line' id='line_1_45' title="bbox 2312 285 2341 308; baseline 0 -6"><span class='ocrx_word' id='word_1_350' title='bbox 2312 285 2341 308; x_wconf 61' lang='grc' dir='ltr'>ῃ.</span> 
     </span>
    </p>
   </div>
  </div>
 </body>
</html>
