2459 4075
221 156 300 219 64
800 155 874 213 C.
918 149 1167 212 CORN.
1215 149 1521 211 TAcl'm.
1696 151 1697 154 ’
1748 168 1804 214 Α.
1833 169 1890 213 ιτ.
1916 170 1972 213 c.
1999 159 2139 217 822⁸

221 302 446 380 longius
472 298 759 362 obsidium
800 307 861 359 et
888 299 1004 358 vim
1044 297 1382 358 Germanici
1425 296 1720 358 exercitus
1761 316 1964 376 parum
1988 301 2143 362 tole·

223 390 422 443 rarent
448 403 463 440 ε
508 382 605 441 ubi
647 380 874 458 pulsum
905 379 1200 440 Caecinam
1228 395 1482 456 pergere
1509 377 1860 438 Cremonam
1887 382 2140 458 accepit,

223 478 380 539 aegre
401 462 714 522 coercitam
737 461 1047 535 legionem,
1096 465 1155 518 et
1175 456 1464 538 pugnandi
1484 457 1695 517 ardore
1727 476 1912 535 usque
1933 460 2003 518 ad
2022 478 2135 521 >se-

220 542 500 604 ditionem
543 559 933 618 progressam,
975 537 1363 619 Bedriaci·(e)
1393 538 1559 599 sistit.
1643 538 1807 597 Inter
1839 537 2171 602 veronam·

223 622 687 699 Cremonamque
715 620 855 694 situs
878 626 968 678 est
987 620 1173 688 vicus,
1200 619 1419 678 duabus
1435 616 1560 696 jam
1587 614 1860 676 Romanis
1881 619 2139 682 cladibus

221 710 391 762 notus
434 699 844 776 infaustusque.
929 699 1143 759 lisdem
1169 697 1370 758 diebus
1408 719 1441 758 a
1486 697 1701 757 Martio
1739 696 1947 758 Macro
1970 694 2139 761 ‘haud

220 782 430 861 procul
472 781 766 840 Cremona
811 798 1100 857 prospere
1137 785 1484 860 pugnatumz
1545 796 1791 854 namque
1832 787 2140 857 promptus

220 862 390 928 animi
410 859 653 920 Martius
692 866 1049 918 transvectos
1076 859 1318 919 navibus
1338 859 1682 935 gladiatores
1730 852 1789 916 in
1836 858 2143 921 adversam

220 942 361 1000 Padi
414 943 599 1018 ripam
639 946 886 1018 repente
936 938 1155 1001 effudit.
1241 938 1500 1016 Turbata
1550 938 1632 997 ibi
1650 985 1663 998 .
1687 937 2141 1012 Vitellianorum

219 1020 456 1092 auxilia,
482 1028 564 1092 et,
592 1019 806 1080 ceteris
850 1019 1198 1094 Cremonam
1222 1017 1588 1094 fugientibus,
1637 1020 1798 1089 caesi,
1841 1019 1951 1096 qui'
1970 1017 2140 1081 resti-

216 1107 444 1163 terant:
489 1100 593 1160 sed
622 1118 929 1178 repressus
968 1098 1322 1160 vincentium
1346 1097 1621 1176 impetus,
1663 1117 1760 1170 ne,
1790 1094 1956 1158 novis
2001 1101 2145 1164 suba

212 1181 373 1243 sidiis
400 1180 630 1252 firmati,
652 1182 850 1240 hostes
876 1180 1163 1260 fortunam
1183 1175 1379 1258 proe'lii
1405 1185 1711 1240 mutarent.
1795 1178 2141 1256 Suspectum

216 1263 277 1322 id
304 1262 643 1322 Othonianis
669 1260 799 1340 fuit,
820 1259 1010 1322 omnia
1053 1260 1279 1320 Ducum
1305 1259 1454 1322 facta
1479 1278 1663 1338 prave
1695 1261 2130 1328 aestimantibus·

218 1343 524 1412 Certatim,
579 1343 914 1418 utquisque
961 1340 1148 1400 animo
1176 1341 1436 1417 ignavus,
1467 1355 1687 1418 procax
1714 1335 1841 1409 oie,
1885 1341 2158 1403 Annium²

216 1423 449 1485 Gallum
491 1428 551 1480 et
578 1421 909 1480 Suetonium
939 1419 1263 1496 Paullinum
1308 1426 1367 1479 et
1407 1419 1655 1478 Marium
1700 1418 1942 1484 Celsum
1971 1420 2138 1501 (nam

217 1522 320 1561 eos
348 1501 505 1560 Otho
534 1517 766 1577 quoque
794 1496 1171 1579 praefecerat)
1196 1500 1373 1560 variis
1391 1499 1728 1560 criminibus
1749 1500 2140 1561 incessebant.

219 1581 524 1641 Acerrima
560 1577 907 1642 seditionum
960 1597 1026 1637 ac
1072 1579 1380 1640 discordiae
1420 1579 1813 1651 incitamenta,
1846 1579 2136 1642 „interfec-

216 1668 348 1721 tore
390 1659 596 1719 Galbae
623 1680 660 1717 ε-
684 1660 923 1717 scelere
971 1665 1032 1718 et
1075 1668 1234 1719 metu
1261 1659 1570 1731 vecordes-⁵,
1611 1659 1863 1720 miscere
1910 1669 2137 1732 cuncta,

216 1739 388 1810 modo
430 1739 618 1818 palam
654 1738 916 1808 turbidis·
940 1737 1204 1813 vocibus,
1249 1739 1419 1799 modo
1462 1740 1709 1799 occultis
1733 1740 1802 1798 ad
1843 1740 2140 1801 Othonem

213 1820 462 1883 litteris:
508 1818 607 1896 qui
636 1818 958 1877 humillimo
1006 1819 1218 1897 cuique
1265 1819 1562 1891 credulus,
1599 1819 1798 1882 bonos
1821 1827 2134 1893 .metuens,

215 1899 575 1978 trepidabat3
618 1900 796 1959 rebus
841 1897 1143 1977 prosperis
1169 1902 1449 1971 incertus,
1477 1906 1538 1958 et
1563 1900 1718 1958 inter
1743 1900 1987 1960 adversa
2011 1920 2133 1962 me·
2218 1951 2233 1964 .

213 1980 348 2041 lior.
425 1980 618 2056 ‘Igitur
658 1978 972 2051 Titianum,
1020 1975 1284 2051 fratrem,
1337 1982 1582 2041 accitum
1598 1980 1769 2039 ,bello
1791 1981 2134 2060 praeposuit.
2182 2032 2189 2039 .

216 2062 450 2123 Interea
476 2059 725 2120 Paullini
752 2065 814 2119 et
835 2056 1001 2119 Celsi
1028 2056 1203 2120 ductu
1225 2079 1322 2119 res
1351 2062 1599 2136 egregiae
1626 2066 1828 2136 gestae.

294 2139 517 2201 XXIV.
562 2142 823 2217 Angebat
849 2138 1147 2201 Caecinam
1173 2139 1557 2219 nequidquam
1605 2142 1793 2200 omnia
1818 2148 2030 2218 coepta,
2072 2149 2140 2200 et

203 2218 526 2282 'senescens
555 2219 849 2282 exercitus
869 2222 955 2280 sui
971 2221 1119 2281 fama
1144 2244 1158 2279 ε
1203 2220 1739 2298 pulsusPlacentia,
1757 2221 1924 2281 caesis
1951 2240 2142 2299 nuper

214 2301 463 2373 auxiliis,
498 2301 671 2360 etiam
698 2320 811 2378 per
836 2320 1182 2360 concursum
1210 2301 1671 2379 exploratorum,
1716 2302 1928 2359 crebra
1955 2301 2135 2377 magis

255 2400 386 2441 uam
446 2381 616 2456 digna
665 2387 986 2438 memoratu
1054 2379 1287 2456 proelia,
1355 2378 1639 2452 inferior3
1708 2380 2137 2458 propinquante

268 2461 396 2520 abio
424 2460 697 2528 Valente,
737 2477 812 2517 ne
859 2474 1031 2516 omne
1057 2456 1201 2516 belli
1230 2459 1412 2518 decus
1438 2460 1574 2519 illuc
1621 2459 2000 2531 concederet,
2037 2479 2132 2518 re·
2154 2520 2173 2537 ,

212 2540 498 2619 ciperare
528 2536 790 2613 gloriam,
866 2537 1088 2596 avidius
1137 2557 1306 2614 quam
1359 2537 1696 2612 consultius,
1755 2540 2132 2616 properabat.

212 2620 302 2678 Ad
327 2617 729 2677 duodecimum
765 2636 796 2675 a
823 2616 1136 2688 Cremona,
1164 2620 1329 2690 locus
1363 2619 1709 2679 Castrorum*
1725 2626 1989 2690 vocatur,
2035 2618 2134 2699 (g)

212 2696 605 2758 ferocissimos
660 2697 1042 2768 auxiliarium,
1084 2699 1489 2758 inminentibus
1528 2697 1649 2758 viae
1676 2698 1823 2759 lucis
1851 2699 2137 2770 occultos,

211 2776 508 2854 componit
528 2797 543 2834 z
563 2786 568 2790 ’
589 2774 817 2852 equites
841 2777 1217 2852 ‘procedere
1245 2778 1491 2854 longius'
1512 2778 1686 2854 jussi,
1729 2787 1746 2812 ‘
1777 2786 1858 2850 et,
1900 2777 2134 2837 inritato

209 2857 456 2934 ‘proelio
500 2862 708 2934 sponte
747 2855 957 2931 refugi,
1004 2855 1424 2920 festinationem
1472 2859 1840 2934 sequentium
1884 2857 2129 2929 elicere,

212 2945 228 2972 ⁸
252 2936 440 2996 donec
460 2935 687 2997 ,insidiae
710 2934 1123 2997 coorirentun’
1207 2936 1507 2997 Proditum
1533 2938 1590 2995 id
1633 2937 1975 2997 Othonianis
2005 2938 2130 2997 Du-

209 3016 405 3076 cibus:
452 3022 514 3076 et
539 3034 742 3074 curam
767 3015 1025 3092 peditum
1053 3013 1368 3086 Faustinus,
1393 3020 1644 3095 equitum
1674 3015 1907 3087 Celsus,
1935 3036 2132 3095 sump-

207 3115 361 3156 sere.
449 3095 919 3157 Tertiaedecimae
941 3095 1185 3173 legionis
1197 3097 1503 3170 vexillum,
1525 3104 1770 3175 quatuor
1787 3097 2133 3162 auxiliorum

276 3292 303 3324 e
326 3273 650 3324 Bedriacum.
718 3270 844 3324 This
864 3268 1067 3337 ivillage,
1096 3273 1284 3332 which,
1320 3273 1581 3337 according
1599 3279 1653 3323 to
1685 3273 1976 3333 Cluverius,
1995 3273 2136 3325 stood

205 3339 264 3389 at
280 3340 368 3389 the
382 3338 599 3388 distance
620 3338 678 3388 os
699 3344 890 3401 twenty
909 3339 1054 3391 miles
1073 3340 1200 3389 from
1222 3337 1494 3398 Cremona,
1515 3341 1613 3389 and
1632 3339 1674 3389 is
1695 3354 1809 3389 now
1840 3341 2006 3390 called
2028 3342 2149 3392 Oet-⁴

208 3411 336 3464 meo,
349 3405 439 3453 has
458 3403 587 3451 been
608 3403 851 3453 rendered
871 3404 1062 3455 famous
1081 3405 1153 3468 by
1172 3404 1261 3454 the
1282 3402 1448 3455 defeat
1476 3405 1535 3454 of
1546 3406 1698 3464 Otho,
1719 3405 1819 3455 and
1837 3405 2135 3456 afterwards

208 3485 261 3520 as
286 3467 397 3519 will
420 3469 485 3517 be
506 3484 622 3518 seen
643 3469 695 3519 in
715 3471 802 3517 the
822 3469 959 3519 third
969 3469 1109 3520 ‘book
1124 3471 1183 3519 of
1209 3471 1308 3520 this
1340 3470 1564 3534 History,
1583 3472 1653 3534 by
1669 3473 1781 3523 that
1801 3471 1861 3522 os
1871 3472 2130 3522 Vitellius.

126 3543 132 3549 ·
266 3553 305 3600 g
337 3534 452 3584 The
466 3535 607 3596 place
628 3535 791 3584 called
819 3535 942 3587 here
962 3537 1240 3594 Castorum,
1256 3551 1360 3585 was
1375 3552 1408 3585 a
1426 3541 1537 3600 spot
1550 3537 1730 3585 'where
1752 3537 1840 3586 the
1859 3538 2051 3601 temple
2069 3535 2132 3586 of

204 3599 384 3652 Castor
397 3615 501 3648 was
520 3600 670 3651 built.
737 3601 833 3650 See
866 3601 1131 3651 Suetonius
1150 3600 1202 3649 in
1218 3602 1371 3660 Otho,
1391 3617 1430 3650 s.
1452 3605 1500 3653 9.
1567 3602 1612 3652 lt
1631 3617 1736 3657 was
1757 3603 1916 3652 about
1934 3603 2128 3654 twelve'
2220 3658 2233 3665 p

201 3667 352 3719 miles
363 3667 491 3718 from
506 3664 773 3727 Cremona,
786 3666 1018 3718 between
1032 3667 1119 3718 the
1141 3666 1214 3718 Po
1235 3668 1334 3718 and
1352 3668 1440 3719 the
1455 3667 1640 3722 Addua
1658 3681 1774 3720 now
1789 3668 1994 3740 Addit-2
