2459 4075
514 15 534 51 s

259 125 335 182 τε
455 89 476 100 ”
834 65 908 176 c.
951 113 1197 175 coRN.
1245 85 1577 172 mom.
1775 115 2171 179 amasse.

254 261 375 343 pidi
393 269 455 320 et
471 243 762 339 utrimque
783 262 935 320 anxii
953 269 1203 320 coeunt:
1249 259 1420 318 nemo
1444 259 1715 337 privatim
1743 262 2022 338 expedito
2039 281 2204 321 con--

252 342 405 408 silio,
451 342 607 399 inter
653 343 860 399 multos
903 342 1181 400 societate
1222 341 1414 416 culpae
1455 340 1652 400 tutior.
1738 338 2033 414 Onerabat
2075 362 2181 419 pa·

251 421 512 481 ventium
538 441 705 480 curas
732 422 875 479 ordo
898 421 1264 489 Mutinensis,
1296 418 1373 499 (l)
1407 428 1422 455 ‘
1454 437 1611 479 arma
1631 425 1693 478 et
1724 422 2046 494 pecuniam’
2088 419 2179 479 os-

251 502 517 571 ferendo‚
546 502 983 587 adpellabatque
1026 509 1041 534 ‘
1076 500 1277 559 Patres
1308 500 1732 582 (Jonscriptos‚'
1763 500 2180 577 intempestivo

258 583 506 641 honore.

325 661 490 718 LIII.
532 659 806 718 Notabile
842 661 1100 736 jurgium
1147 660 1279 717 inde
1316 658 1443 730 fuit,
1472 680 1587 737 quo
1629 660 1884 720 Licinius
1933 658 2178 717 Caecina

251 739 595 798 Marcellum
642 738 903 816 Eprium,
934 749 952 774 ⁶
976 749 1035 798 ut
1061 740 1324 815 ambigua
1350 741 1776 811 disserentem,’
1805 739 1922 820 (m)
1947 739 2179 797 invasit.

252 819 383 877 Nec
436 819 628 877 ceteri·
675 821 986 878 sententias
1042 821 1422 897 aperiebant:
1468 823 1575 880 sed
1611 822 1858 880 invisum
1900 818 2184 877 memoria

170 932 173 934 Δ
214 961 220 966 ,
245 899 616 967 delationum,
642 900 1093 976 expositumque
1121 900 1192 957 ad
1219 899 1517 972 invidiam,
1544 901 1815 959 Marcelli
1858 917 2073 957 nomen
2092 897 2179 955 in·

251 979 528 1036 ritaverat
555 977 870 1049 Caecinam,
919 986 982 1036 ut
1008 995 1189 1039 novus
1231 979 1438 1048 adhuc,
1461 989 1522 1054 et
1566 982 1626 1038 in
1668 980 1955 1037 Senatum.
1987 995 2181 1053 nuper

250 1057 518 1126 adscituS,
547 1059 760 1135 magnis
805 1058 1116 1117 inimicitiis
1149 1059 1529 1119 claresceret.
1560 1066 1564 1072 '
1612 1059 2014 1117 Moderatione
2051 1065 2189 1114 me-‘

239 1138 462 1196 'liorum
507 1138 800 1214 dirempti.
906 1139 984 1196 Et
1027 1140 1267 1197 rediere
1325 1157 1525 1198 omnes
1578 1138 1921 1209 Bononiam,
1981 1152 2181 1194 rursus

250 1216 641 1275 consiliaturi:
691 1215 785 1296 (n)
817 1218 1012 1293 simul,
1039 1218 1230 1276 medio
1265 1217 1568 1294 temporis,
1596 1220 1798 1297 plures
1832 1214 2016 1278 nuntii
2044 1233 2181 1291 spe-

258 1298 552 1356 rabantur.
639 1297 941 1367 Bononiae,
969 1299 1169 1356 divisis
1195 1316 1308 1373 per
1333 1298 1564 1369 itinera,
1594 1299 1690 1375 qui
1719 1295 2184 1356 recentissimum

255 1394 548 1452 quemque
590 1379 1136 1451 percunctarentur,
1190 1375 1575 1453 interrogatus
1623 1377 1870 1435 Othonis
1924 1375 2174 1438 libertus

253 1463 269 1487 ‘
300 1472 556 1511 caussam
584 1454 895 1527 digressuS,
937 1454 1158 1511 habere
1186 1473 1251 1511 se
1279 1473 1550 1531 suprema
1570 1456 1708 1531 ejus*
1740 1454 2019 1514 mandata’
2052 1470 2177 1511 res-

259 1533 491 1608 pondit:
540 1537 555 1564 ‘
587 1531 777 1607 ipsum
816 1533 1114 1590 viventem
1161 1533 1394 1607 quidem
1437 1536 1731 1603 relictum,
1767 1533 2022 1591 sedsola
2048 1549 2185 1609 pos-

251 1620 269 1645 ·
300 1611 541 1671 teritatis
570 1629 714 1669 cura
742 1617 801 1668 et
828 1609 1093 1689 abruptis·
1119 1612 1254 1671 vitae
1282 1613 1728 1673 blandimentis.’
1812 1612 1967 1672 Hinc
2005 1610 2183 1670 admi-

255 1692 399 1748 ratio
429 1689 694 1765 etplura
720 1691 1109 1766 interrogandi
1139 1691 1328 1767 pudor
1355 1713 1369 1750 ε
1417 1701 1590 1771 atque
1620 1692 1879 1752 omnium
1923 1690 2096 1751 animi
2122 1690 2184 1747 in

255 1767 556 1828 Vitellium
583 1768 968 1830 inclinavere.
1859 1826 1865 1834 .

338 1848 497 1909 LIV.
547 1848 808 1907 Intereat
853 1849 1111 1909 consiliis
1151 1848 1336 1909 frater
1363 1853 1488 1930 ejus
1535 1851 1604 1909 L.
1654 1850 1957 1923 Vitellius,
2009 1866 2191 1926 seque

251 1928 374 2004 jam
416 1929 772 1987 adulantibus
822 1928 1130 2000 offerebat,
1169 1950 1304 1989 cum
1357 1939 1606 2008 repente
1654 1931 1898 2003 Coenus,
1946 1931 2195 1989 libertus

235 2007 546 2078 ‚Nm-onis,
594 2008 786 2067 atroci
828 2010 1128 2069 mendacio
1182 2011 1489 2070 universos
1540 2012 1818 2090 perculit,
1873 2012 2197 2080 adfirmanS,

264 2097 281 2124 ⁴
312 2096 672 2167 superventu
701 2091 1165 2166 quartaedecimae
1194 2090 1462 2168 legionis,
1483 2093 1706 2169 junctis
1744 2113 1777 2151 a
1813 2091 2081 2151 Brixello
2108 2090 2194 2148 vi·

268 2177 286 2204 ‘
320 2169 502 2239 ribuS‚
532 2189 715 2228 caesos
744 2170 1024 2243 victores,
1051 2191 1282 2233 versam
1315 2173 1567 2248 partium
1593 2171 1923 2232 fortunam)
2008 2169 2199 2228 Causa

267 2248 520 2326 fingendi
548 2248 678 2320 fuit,
706 2258 769 2308 ut
802 2252 1112 2329 diplomata
1138 2251 1229 2331 (o)
1257 2251 1540 2324 Othonis,
1559 2271 1690 2330 quae
1738 2252 2196 2328 negligebantur,

199 2400 204 2405 ῃ
241 2384 244 2389 ,
268 2329 496 2390 Iaetiore
525 2330 722 2388 nuntio
752 2331 1210 2388 revalescerent.
1295 2330 1370 2390 Et
1407 2331 1629 2397 Coenus
1649 2332 1884 2409 quidem
1906 2330 2107 2408 rapide
2137 2328 2198 2386 in

269 2410 479 2468 urbem
515 2415 743 2477 vectus,
785 2427 1001 2484 paucos
1030 2415 1162 2486 post
1187 2409 1312 2467 dies
1340 2410 1510 2486 jussu
1556 2410 1782 2472 Vitellii
1823 2428 2023 2489 poenas
2063 2411 2193 2467 luit.-

270 2486 613 2546 Senatorum
641 2488 972 2563 periculum
1013 2496 1266 2557 auctum,
1310 2491 1685 2551 credentibus
1713 2489 2053 2551 Othonianis
2088 2488 2199 2547 mi-

269 2566 465 2626 litibus
493 2583 640 2623 vera
687 2585 839 2637 esse,
883 2584 1013 2644 quas
1044 2568 1474 2628 adferebantur.
1560 2571 1904 2630 Intendebat
1942 2568 2198 2642 foi-midi·
2274 2595 2279 2599 ·

273 2665 431 2714 nem,
480 2645 630 2720 quod
658 2646 879 2720 publici
906 2648 1133 2706 consilii
1181 2646 1330 2706 facie
1376 2642 1694 2710 discessum
1726 2651 1969 2719 Mutina,
1996 2649 2199 2707 deser-

167 2744 172 2751 ⁴
274 2730 468 2798 taeque
518 2730 713 2797 partes
761 2724 970 2784 forent.
1057 2725 1189 2785 Nec
1236 2729 1388 2786 ultra
1414 2729 1472 2787 in
1514 2749 1820 2793 commune
1874 2727 2193 2803 congressi,
2246 2784 2258 2792 ,

265 2803 377 2859 sibi
433 2803 677 2878 quisque
711 2803 1109 2880 'consuluere;
1153 2805 1342 2866 donec
1392 2811 1580 2868 missoe
1622 2831 1656 2868 a
1708 2809 1887 2868 Fabio
1941 2807 2190 2868 Valente

155 2904 160 2908 ·
265 2881 530 2957 epistolae
568 2883 874 2943 demerent
910 2892 1148 2947 metum.
1233 2886 1310 2945 Et
1348 2906 1504 2949 mors
1532 2890 1804 2961 Othonis,
1844 2907 1959 2968 quo
2000 2886 2190 2947 lauda-

257 2961 461 3034 bilior,
490 2980 559 3021 eo
582 2964 845 3023 velocius
874 2965 1081 3025 audita.
2196 2986 2205 2995 ·

336 3123 356 3170 l
390 3119 523 3171 Ordo
544 3121 867 3187 Mutinensis,
891 3126 979 3174 the
999 3125 1174 3189 public
1188 3125 1385 3174 council
1401 3127 1459 3176 os
1468 3127 1556 3176 the
1571 3127 1690 3188 city.

335 3201 384 3234 m
411 3186 669 3261 stmbigua
686 3190 1012 3249 disserentem,
1027 3191 1234 3255 making
1250 3206 1337 3240 use
1358 3193 1417 3242 os
1427 3193 1658 3241 doubtful
1678 3207 1735 3241 or
1755 3189 2056 3254 ambiguous
2093 3186 2185 3240 ex}

266 3263 527 3312 pressioris.
1708 3306 1709 3309 ,

338 3332 377 3366 n
409 3316 612 3367 Rursus
631 3325 996 3372 consiliaturi„
1037 3321 1426 3386 Ryckimgives
1454 3326 1745 3373 consulturi.
2218 3372 2223 3379 .

338 3397 367 3430 ο
399 3381 708 3445 Diptomata.
727 3400 865 3435 were
886 3387 1026 3437 writs
1062 3387 1342 3451 conferring
1360 3404 1460 3451 any
1480 3388 1739 3437 exclusive
1758 3387 1897 3452 right
1931 3401 1992 3439 or
2034 3384 2190 3449 privi-

283 3446 413 3509 lege,
433 3448 643 3509 granted
662 3448 733 3510 by
763 3453 850 3498 the
871 3451 1135 3513 Emperor,
1162 3469 1218 3501 or
1255 3469 1353 3521 any
1362 3454 1563 3503 Roman
1583 3454 1885 3518 magistrate,
1922 3451 2111 3501 similar
2138 3455 2193 3498 to

275 3512 417 3573 vlint
435 3524 516 3559 we
536 3513 633 3559 call
645 3514 816 3563 letters
836 3521 1039 3579 patent3
1073 3518 1223 3582 given
1244 3519 1574 3581 particularly
1612 3527 1666 3568 to
1682 3520 1857 3582 public
1874 3516 2110 3571 courierso
2131 3529 2194 3562 01·

279 3581 333 3624 to
348 3576 487 3623 those
509 3578 625 3625 who
656 3579 846 3628 wished
867 3580 1071 3630 to'have
1091 3584 1179 3630 the
1196 3596 1285 3631 use
1302 3582 1360 3632 os
1382 3585 1557 3647 publio
1576 3585 1745 3637 hones
1764 3598 1822 3635 or
1852 3583 2094 3644 mrisse‘ss
2114 3578 2192 3631 sot

267 3640 526 3708 disputem
551 3642 612 3695 in
631 3645 800 3695 which
819 3647 915 3698 last
934 3662 1074 3698 sense
1094 3648 1138 3698 it
1150 3649 1195 3698 is
1214 3648 1340 3697 here
1363 3650 1499 3701 used.
