2459 4075
307 151 416 216 152
879 158 951 217 C.
997 155 1244 220 CORN.
1290 154 1599 217 TACITI.
1816 175 1875 215 A.
1906 173 1967 215 υ.
1998 175 2054 214 c.
2086 156 2216 214 822.

368 302 604 368 attempta
617 308 672 354 to
698 301 895 368 preren
908 318 976 354 on
990 301 1220 355 Cerealis
1241 308 1296 355 to
1326 302 1491 368 resign
1512 301 1601 353 the
1621 300 1884 351 command
1905 301 1965 350 os
1975 302 2064 351 the
2085 313 2224 364 army

365 369 420 419 in
452 369 729 433 Germany.
796 367 894 420 His
914 370 1296 431 dissimulation,
1329 365 1428 418 a‘nd
1459 368 1734 434 pretended
1764 369 1879 418 love
1912 367 1971 416 os
1995 365 2227 418 -studious

363 435 671 495 retirement,
690 435 778 484 th'e
797 434 965 488 better
986 443 1038 487 to
1057 437 1262 487 conceal
1283 437 1361 486 his
1381 437 1493 485 real
1513 435 1747 499 passions.

297 502 467 552 These
480 502 801 551 transactione
818 503 997 566 passed
1017 505 1187 570 partly
1205 502 1392 566 during
1404 502 1491 550 the
1507 501 1629 550 civil
1644 515 1752 550 war
1777 500 2012 560 between
2032 498 2221 562 Vespa·

362 566 470 617 sian
491 568 588 616 and
611 568 865 629 Vitellius,
895 568 948 617 in
982 570 1071 618 the
1091 584 1215 633 year
1235 568 1294 618 of
1306 568 1488 627 Rome,
1510 569 1638 627 8223
1671 567 1770 616 and
1801 566 1968 632 partly
1988 564 2117 617 efter
2135 566 2222 616 the

361 632 614 685 elevatior»
630 635 689 685 of
695 634 969 698 Vespasian
983 634 1039 683 in
1057 635 1144 684 the

295 698 434 748 Year
453 701 513 750 of
525 701 704 751 Rome.
1032 701 1107 750 Of
1118 699 1307 752 Christ.
1573 735 1578 740 ·
1637 698 1867 750 consuls.

458 769 556 816 823
1140 767 1208 818 70
1517 765 1725 820 Flavius
1738 759 2088 828 Vespasianus,

1515 831 1682 891 Titus,
1694 830 1774 881 his
1789 845 1891 881 son.

1109 984 1419 1080 ‹ue-⁴>

369 1132 779 1213 Iuram-soro
830 1151 1092 1224 Vitellio,
1120 1149 1344 1212 bellum
1380 1152 1559 1231 magis
1603 1150 1878 1221 desierat,
1908 1168 2077 1227 quam
2103 1168 2213 1228 pax

285 1246 567 1319 coeperat.
652 1240 874 1300 Armati
901 1259 1014 1319 per
1055 1240 1265 1312 urbem
1287 1239 1543 1299 victores
1576 1236 2065 1316 inplacabili‘odio
2092 1237 2211 1296 vic·

288 1326 380 1377 tos
420 1324 936 1382 consectabantur:
983 1321 1176 1397 plenae
1198 1318 1460 1387 caedibus
1487 1320 1623 1389 vias,
1651 1324 1898 1378 cruenta
1922 1316 2049 1377 fora
2067 1325 2209 1377 tem-

288 1400 528 1477 plaque,
555 1401 767 1479 passim
805 1401 1124 1471 trucidatis,
1151 1409 1215 1458 ut
1251 1419 1545 1479 quemque
1581 1399 1704 1459 sors
1741 1397 2044 1457 obtulerat.
2126 1398 2210 1456 Ac

288 1498 447 1549 mox,
475 1487 823 1555 augescente
864 1479 1119 1551 licentia,
1155 1481 1407 1538 scrutari
1456 1499 1521 1540 ac
1560 1478 1909 1559 protrahere
1957 1477 2206 1548 abditos:

287 1558 337 1616 si
359 1577 535 1635 quem
561 1578 878 1636 procerum
901 1558 1103 1618 habitu
1129 1566 1189 1617 et
1223 1559 1470 1636 juventa
1494 1567 1947 1638 conspexerant,
1977 1560 2209 1618 obtrun-

287 1656 449 1709 care,
477 1639 636 1714 nullo
658 1639 902 1698 militum
931 1653 1023 1699 aut
1049 1639 1253 1718 populi
1282 1638 1635 1700 discrimine.
1670 1637 1766 1721 (a)
1849 1639 1995 1711 Qnae
2040 1638 2208 1698 saevi-

287 1717 386 1789 tia,
416 1720 752 1778 recentibus
794 1720 961 1792 odiis„
1003 1722 1274 1797 sanguine
1302 1723 1673 1799 explebatur,
1696 1719 1832 1779 dein
1871 1718 2209 1794 verteratjn

283 1799 578 1857 avaritiam
603 1821 617 1858 ε
664 1798 809 1858 nihil
851 1819 1089 1878 usquam
1131 1807 1425 1860 secretum
1478 1808 1571 1861 aut
1622 1802 1880 1862 clausum
1928 1800 2208 1870 sinebant,

278 1877 675 1942 ‘Vitellianos
698 1882 1026 1952 occultari‚'
1049 1878 1408 1952 simulantes.
1497 1882 1728 1941 Initium
1755 1881 1813 1939 id
1841 1878 2202 1957 perfringen-

282 1957 486 2020 darum
502 1958 771 2018 domuum
793 1983 808 2034 3
854 1962 975 2032 vel,
997 1962 1044 2020 si
1068 1962 1466 2034 resisteretur,
1485 1979 1688 2024 caussa
1706 1960 1908 2031 (mdis,
1931 1979 2040 2020 nec
2067 1961 2204 2019 dee-

280 2048 370 2099 rat
395 2041 795 2117 egentissimus
825 2046 1068 2121 quisque
1097 2061 1172 2100 ex
1200 2044 1379 2119 plebe
1407 2064 1421 2102 ε
1468 2051 1529 2103 et
1566 2043 1803 2122 pessimi
1831 2042 2205 2111 servitiorum

277 2122 535 2198 prodere
563 2124 719 2182 ultro
745 2124 894 2183 dites
917 2123 1216 2183 dominos:
1265 2124 1363 2182 alii
1391 2126 1463 2182 ab
1490 2122 1689 2184 amicis
1717 2123 2201 2181 monstrabantur.

281 2200 516 2280 Ubique
530 2202 803 2275 lamenta,
825 2203 1309 2263 conclamationes
1332 2211 1394 2264 et
1412 2203 1598 2263 forma
1616 2212 1800 2283 captae
1820 2203 1981 2262 urbis
2005 2225 2018 2260 ε
2066 2201 2210 2261 adeo

271 2288 336 2341 ut
356 2280 669 2343 Othoniani
701 2281 1110 2360 Vitellianique
1152 2285 1348 2344 militis
1369 2284 1651 2343 invidiosa
1698 2290 1865 2343 antea
1890 2281 2206 2360 petulantia

272 2361 727 2423 desideraretur.
828 2363 1027 2424 Duces
1080 2363 1353 2440 partium,
1403 2363 1774 2424 accendendo
1828 2362 1988 2422 civili
2045 2362 2205 2422 bello

276 2459 466 2514 acres,
515 2442 909 2521 temperandas
940 2443 1202 2503 victorias
1244 2445 1514 2523 inpares:
1562 2445 1781 2523 quippe
1822 2444 1881 2502 in
1908 2445 2104 2503 turbas
2146 2449 2207 2501 et

274 2521 591 2582 discordias
637 2522 747 2602 (b)
785 2525 1037 2602 pessimo
1063 2523 1276 2601 cuique
1311 2527 1560 2603 plurima
1595 2525 1727 2585 vis:
1772 2543 1887 2603 pax
1931 2532 1991 2583 et
2032 2523 2198 2600 quies

279 2602 445 2661 bonis
468 2603 686 2671 artibus
707 2605 983 2680 indigent.

357 2682 435 2739 ll.
481 2683 712 2742 Nomen
760 2685 1078 2763 sedemque
1137 2683 1389 2743 Caesaris
1439 2684 1797 2743 Domitianus
1842 2691 2154 2762 acceperat
2183 2707 2198 2743 ε

275 2760 526 2820 nondum
553 2761 622 2818 ad
667 2781 835 2821 curas
878 2766 1147 2834 intentus,
1196 2765 1301 2823 sed
1328 2765 1542 2841 stupris
1590 2773 1652 2824 et
1678 2762 1971 2827 adulteriis
2019 2765 2204 2824 filium

256 2832 564 2916 ‘Principis
605 2842 825 2916 agebat.
908 2842 1270 2903 Praefectura
1310 2845 1577 2904 Praetorii
1607 2863 1791 2922 penes
1815 2846 2051 2907 Arrium
2080 2844 2200 2904 Va-

279 2938 408 2978 rum
434 2942 449 2979 :
495 2939 717 2980 summa
741 2925 1018 2999 potentias
1047 2924 1106 2981 in
1135 2924 1335 2984 Primo
1362 2926 1656 2985 Antonio:
1702 2925 1751 2984 is
1783 2926 2089 3005 pecuniam
2115 2924 2199 2985 fa-

274 2999 606 3080 miliamque
649 3021 683 3062 e
713 3001 1001 3083 Principis
1028 3005 1222 3075 domo,
1247 3007 1409 3082 quasi
1429 3004 1889 3067 Cremonensem
1917 3007 2200 3085 praedam,

272 3097 526 3157 rapere:
571 3084 755 3143 ceteri
785 3085 1064 3145 modestia
1091 3087 1188 3145 vel
1216 3085 1597 3162 ignobilitate,
1624 3093 1686 3145 ut
1711 3087 1770 3145 in
1790 3089 1949 3161 bello
1986 3089 2195 3145 obscu-

266 3160 340 3230 ri,
363 3162 441 3221 ita
460 3164 837 3240 praemiorum
858 3174 1158 3243 expertes.
1243 3165 1463 3226 Civitas
1491 3166 1698 3243 pavida
1718 3174 1780 3226 et
1819 3167 2062 3227 servitio
2089 3186 2192 3244 pa-

273 3247 417 3311 rata,
448 3249 464 3275 ⁴
489 3245 768 3321 occupari
794 3245 1139 3307 redeuntem
1162 3246 1494 3306 Tarracina
1509 3246 1585 3307 L.
1615 3245 1913 3307 Vitellium
1937 3266 2067 3306 cum
2090 3266 2195 3307 co-

271 3335 288 3363 ‘
319 3320 604 3394 hortibus,
623 3325 1025 3403 exstinguique
1042 3327 1272 3406 reliqua
1288 3326 1474 3398 belli‚’
1493 3327 1836 3404 postulabat.
1921 3326 2197 3387 Praemis-

337 3516 371 3553 a
403 3500 464 3553 Si
483 3516 625 3566 quem
669 3509 1290 3569 procerum-discrimine.
1354 3507 1583 3571 Mur-phy
1622 3507 1882 3558 translates
1922 3508 2026 3558 this
2074 3524 2188 3558 sen-

270 3570 443 3623 tence;
475 3569 715 3618 whoever
728 3583 848 3627 ,was
868 3585 1042 3636 grown
1077 3586 1149 3635 up
1168 3577 1221 3622 to
1262 3575 1526 3633 manhood,
1556 3572 1734 3624 citizen
1755 3591 1813 3624 or
1843 3576 2044 3634 soldier,
2077 3588 2188 3625 was

269 3630 548 3681 butchered
563 3649 626 3683 on
637 3634 724 3682 the
739 3641 863 3698 spot.
1131 3671 1135 3676 -
1671 3650 1674 3653 ·
2057 3642 2060 3645 ’

338 3698 369 3746 ὁ
401 3697 465 3748 In
480 3700 652 3751 turbas
666 3707 711 3751 et
725 3701 1010 3754 discordias.
1079 3696 1414 3754 evacuandas
1434 3703 1474 3753 is
1506 3703 1821 3755 understood.
