2459 4075
275 142 298 162 ⁴
359 160 478 216 iss
843 159 848 166 ·
933 157 1011 217 c,
1053 156 1309 232 cmm.
1357 160 1663 218 norm.
1889 167 2291 224 amasse„

342 319 460 382 pua
487 300 735 368 Vitellio
752 302 888 374 fida,
921 301 1333 382 municipalem
1364 306 1787 365 aemulationem
1809 307 1983 368 bellis
2005 309 2294 370 civilibus

344 384 683 445 miscebant.
770 384 1045 444 Vitellius
1093 384 1402 443 Claudium
1440 385 1731 444 «Iulianum
1756 386 1849 467 ·(is
1892 407 2083 464 nuper
2129 391 2292 449 clas·

267 491 279 500 ·
343 482 472 524 sem
493 464 892 544 Misenensem
929 466 1094 525 molli
1117 465 1369 541 imperio
1408 464 1680 545 rexerat)
1708 468 2143 543 permulcendis
2176 468 2294 544 mi*

342 544 506 605 litum
535 545 744 605 ‘animis
759 546 1014 623 delegit:
1060 546 1190 605 data
1209 548 1268 603 in
1291 545 1568 622 auxilium
1589 549 1808 606 urbana
1834 548 2048 606 cohors
2071 557 2132 608 et
2157 549 2290 625 gla-

343 625 626 697 diatores5
668 625 882 703 quibus
922 626 1184 684 Julianus
1228 633 1505 701 praeerat.
1592 625 1674 686 Ut
1719 627 1943 687 conlata
1987 631 2292 707 utrimque

342 714 551 776 castra,
574 706 726 764 haud
747 725 949 781 magna
968 706 1335 766 cunctatione
1363 705 1399 761 J
1404 707 1596 766 uliano
1625 707 1688 765 in
1713 714 1904 785 partes
1934 708 2292 786 Vespasiani

340 794 721 863 transgress0‚
752 785 1128 845 Tarracinam
1160 805 1555 863 occupavere,
1590 789 1876 848 moenibus
1902 789 2130 866 situque
2160 810 2288 850 ma-

340 867 449 943 gis,
474 885 644 941 quam
671 865 933 941 ipsorum
952 867 1185 943 ingenio
1212 874 1412 926 tutam.

420 945 636 1004 LVIII.
683 946 833 1017 Quae
873 949 974 1007 ubi
1014 946 1258 1005 Vitellio
1294 948 1545 1023 cognita,
1581 955 1747 1025 parte
1784 949 2084 1026 copiarum
2123 948 2287 1007 Nar·-

340 1027 451 1088 niae
476 1024 592 1107 (f)
619 1045 753 1084 cum
782 1025 1086 1087 Praefectis
1127 1027 1403 1088 Praetorii
1432 1029 1665 1099 relicta,
1699 1029 1767 1086 L.
1815 1028 2129 1106 Vitellium*
2163 1028 2289 1087 fra·-

338 1114 515 1178 trem,
543 1126 676 1167 cum
701 1126 809 1166 sex
848 1109 1189 1168 cohortibus
1219 1109 1280 1167 et
1301 1109 1623 1185 quingentis
1650 1109 1963 1186 equitibuS‚
1986 1110 2289 1185 ingruenti

340 1206 453 1265 per
496 1185 867 1265 Campaniam
922 1191 1081 1248 bello
1103 1189 1393 1266 opposuit.
1481 1190 1616 1266 lpse
1644 1209 1806 1266 aeger
1833 1192 2028 1261 animi,
2073 1189 2284 1249 studiis

339 1268 589 1327 militum
616 1276 677 1329 et
694 1269 1047 1329 clamoribus
1075 1269 1303 1347 populi,
1330 1289 1489 1328 arma
1509 1271 1826 1348 poscentis,
1861 1268 2241 1330 refovebatur
2267 1296 2282 1329 :

340 1348 476 1409 dum
495 1349 698 1426 vulgus
726 1350 1015 1426 ignavum,
1044 1358 1105 1408 et
1131 1350 1275 1408 nihil
1297 1351 1450 1407 ultra
1467 1352 1655 1410 verba
1667 1370 1956 1426 ausurum,
1980 1350 2120 1410 salsa
2140 1369 2281 1428 spe-

342 1430 435 1487 cie
459 1437 474 1464 ‘
508 1428 854 1488 exercitum'
878 1437 939 1487 et
961 1436 976 1462 ‘
1007 1429 1289 1505 legiones'
1328 1429 1600 1505 adpellat.
1686 1430 2068 1489 Hortantibus
2095 1431 2281 1491 liber-

341 1508 415 1567 tis
444 1507 603 1585 (nam
653 1507 973 1566 auucorum
999 1508 1129 1585 ejus
1157 1517 1370 1585 quanto
1414 1509 1542 1585 quis
1579 1510 1829 1582 clarior,'
1867 1511 2055 1570 minus
2097 1512 2281 1591 fidus)

340 1589 358 1622 ‘
385 1588 586 1648 vocari
616 1587 818 1645 tribus'
846 1586 1038 1663 jubet.
1123 1589 1344 1647 Dantes
1387 1590 1621 1650 nomina
1657 1597 2023 1649 sacramento
2065 1592 2274 1669 adigit:

339 1666 739 1743 superfluente
776 1668 1170 1738 multitudine,
1193 1687 1394 1728 curam
1425 1669 1691 1729 delectus
1719 1671 1779 1729 in
1823 1669 2115 1731 Consules
2144 1692 2279 1749 par-

337 1747 501 1808 titur.
585 1747 907 1807 Servorum
943 1768 1251 1808 numerum
1281 1756 1341 1807 et
1368 1749 1593 1824 pondus
1639 1751 1861 1826 argenti
1899 1752 2278 1811 Senatoribus

341 1827 560 1885 indicit.
645 1827 889 1905 Equites
950 1828 1194 1891 Romani
1240 1830 1512 1888 obtulere
1561 1850 1807 1908 operam
1858 1832 2276 1912 pecuniasque,

339 1907 512 1967 etiam
538 1906 833 1986 libertinis
858 1908 1019 1967 idem
1038 1929 1250 1978 munus
1262 1910 1418 1967 ultro
1446 1909 1849 1987 flagitantibus.
1932 1909 2021 1971 Ea
2040 1914 2269 1973 simula-

336 1988 420 2051 tio
447 1986 645 2060 officii,
684 2008 717 2048 a
757 1997 917 2048 metu
959 1987 1245 2067 prosecta,
1296 1996 1560 2069 verterat
1601 1991 1661 2053 in
1704 1990 1989 2052 favorem.
2019 1992 2118 2073 (g)
2198 1993 2272 2054 Et

338 2070 615 2150 plerique
658 2069 810 2129 haud
839 2069 1087 2147 perinde
1131 2070 1460 2142 Vitellium,
1512 2091 1680 2149 quam
1723 2091 1919 2133 casum
1968 2075 2271 2152 locumque

341 2152 730 2228 Principatus,
769 2153 1224 2211 miserabantur:
1273 2170 1384 2210 nec
1424 2152 1631 2212 deerat
1655 2153 1822 2230 ipse:
1863 2156 2053 2225 vultu,
2095 2174 2266 2227 voce,

251 2302 258 2311 θ
340 2231 617 2303 laerimiS‚
645 2232 1106 2293 misericordiam
1134 2232 1358 2291 elicere
1386 2255 1400 2292 z
1446 2233 1638 2309 largus
1666 2234 1989 2311 promissiS‚
2037 2242 2118 2306 et,
2143 2255 2273 2312 quae

341 2319 545 2372 natura
570 2312 1000 2390 trepidantium.
1023 2321 1137 2382 est,
1178 2312 1523 2372 inmodicus.
1604 2314 1758 2384 Quin
1802 2322 1861 2372 et
1911 2324 1926 2349 ⁶
1958 2315 2273 2374 Caesarem’

342 2413 409 2454 se
450 2393 567 2451 dici
613 2392 820 2461 voluit,
850 2392 1226 2469 adspernatus
1267 2400 1467 2451 antea-2
1513 2393 1618 2451 sed
1655 2399 1827 2463 tuno,
1861 2394 2271 2469 superstitione

343 2472 613 2540 nominis,
643 2478 704 2529 et
725 2471 856 2546 quia
875 2471 935 2529 in
961 2480 1119 2530 metu
1146 2473 1388 2534 consilia
1409 2473 1777 2550 prudentium
1807 2479 1868 2531 et
1904 2473 2061 2548 vulgi
2077 2493 2277 2534 rumor

328 2556 501 2633 juxta
549 2549 871 2617 audiuntur.
980 2549 1288 2624 Ceterum,
1343 2559 1406 2612 ut
1446 2556 1641 2611 omnia
1687 2552 1997 2611 inconsulti
2045 2548 2292 2631 inpetus'

342 2639 573 2707 coepta,
595 2629 771 2688 initiis
788 2631 997 2702 valida,
1015 2634 1200 2710 spatio
1221 2633 1621 2710 languescunt,
1648 2632 1822 2709 dilabi
1845 2633 2142 2709 paullatim
2169 2637 2269 2694 Se-

339 2719 573 2772 natores
603 2709 992 2788 Equitesque,
1019 2712 1214 2790 primo
1230 2721 1599 2783 cunctanter,
1621 2719 1704 2784 et,
1726 2714 1823 2773 ubi
1842 2714 1970 2790 ipse
1992 2732 2107 2772 non
2141 2716 2269 2775 ade-

341 2799 451 2861 rat,
480 2809 616 2848 mox
654 2791 1030 2868 contemptim
1065 2801 1131 2855 et
1169 2794 1297 2855 sine
1335 2794 1714 2867 discrimine;
1767 2795 1957 2868 donec
2003 2794 2270 2856 Vitellius

341 2872 567 2950 pudore
595 2871 754 2930 inriti
775 2879 1035 2944 conatus,
1065 2894 1194 2951 quae
1225 2893 1340 2933 non
1367 2874 1670 2945 dabantur,
1710 2874 1953 2934 remisit.

419 2950 575 3012 LIX.
623 2952 702 3012 Ut
729 2959 1021 3012 terrorem
1051 2955 1230 3014 Italiae
1260 2974 1528 3032 possessa
1555 2954 1853 3025 Mevania,
1889 2954 1987 3036 (k)
2016 2975 2082 3016 ac
2109 2958 2263 3014 velut

340 3041 606 3097 renatum
628 3054 703 3094 ex
724 3034 954 3111 integro
972 3036 1215 3106 bellum,
1239 3035 1548 3095 intulerat:
1595 3036 1673 3095 ita
1699 3037 1851 3094 haud
1878 3036 2109 3095 dubium
2131 3055 2263 3109 erga

341 3114 655 3178 Flavianas
678 3122 882 3193 partes
899 3116 1160 3177 studium
1179 3122 1295 3175 tam
1331 3116 1574 3193 pavidus
1609 3115 1835 3177 Vitellii
1863 3115 2147 3172 discessus
2169 3113 2258 3171 ad-

393 3311 437 3376 s
458 3308 666 3367 Narnia,
682 3325 718 3358 a
734 3314 874 3360 town
891 3308 956 3359 os
974 3309 1190 3358 Umbria
1208 3325 1274 3359 en
1315 3311 1403 3360 the
1424 3310 1563 3360 river
1604 3310 1740 3366 Nax-3
1773 3321 1889 3355 now
1909 3306 1958 3355 N
1962 3307 2072 3359 arni
2112 3309 2164 3357 in
2183 3310 2262 3360 the

342 3375 578 3437 territory
598 3375 657 3422 of
681 3377 769 3422 the
794 3372 946 3437 Pope.

399 3457 439 3503 g
471 3441 553 3490 Ea
573 3443 823 3489 simulatio
845 3439 1011 3502 officii,
1031 3455 1063 3488 α
1084 3448 1215 3491 metu
1254 3444 1486 3508 prosecta,
1529 3447 1739 3491 verterat
1760 3443 1818 3490 in
1828 3441 2070 3505 savorem.
2138 3440 2255 3490 This

343 3510 577 3568 pretence
592 3503 651 3554 os
664 3503 937 3567 friendship
971 3518 1030 3553 or
1049 3504 1261 3569 twenty,
1282 3507 1452 3556 which
1476 3506 1756 3570 orig-insted
1790 3505 1845 3556 in
1864 3506 1988 3565 sear,
2028 3512 2083 3556 at
2100 3507 2263 3568 length

341 3573 549 3621 became
566 3569 673 3618 real
696 3569 899 3618 ardour.

401 3638 437 3687 h
469 3634 725 3693 Mevania,
745 3649 779 3685 a
796 3639 933 3683 town
968 3633 1027 3683 os
1039 3634 1252 3687 Umbria
1288 3652 1410 3689 near
1443 3639 1530 3688 the
1553 3636 1867 3695 Clitumnus,
1905 3653 1936 3686 a
1986 3635 2120 3685 river
2155 3636 2255 3686 that

337 3715 453 3750 runs
474 3707 599 3749 west
613 3701 718 3753 into
733 3701 823 3748 the
840 3700 1018 3750 Tiber.
