2459 4075
288 145 345 188 ι.
378 149 438 188 0.
469 132 567 190 cs.
806 123 1136 185 HISTOR.
1178 123 1331 184 Lm.
1373 89 1697 185 rmuus‘.
1825 141 1854 174 ·
2135 123 2212 177 41

296 275 525 336 bantur.
611 272 834 331 Eadem
872 271 1119 330 formido
1146 272 1504 349 provinciam
1534 271 1984 331 Narbonensem
2011 269 2077 328 ad
2111 268 2217 330 vi-

298 354 519 413 tellium
571 354 770 422 vertit,
812 350 968 411 facili
1012 354 1261 411 transitu
1308 351 1378 410 ad
1424 352 1720 431 proximos
1773 359 1837 410 et
1888 348 2216 409 validiores.

295 432 647 510 Longinquae
670 423 1014 509 provinciae,
1043 441 1104 491 et
1123 432 1400 511 quidquid
1430 451 1720 492 armorum
1740 430 1891 489 mari
1912 429 2221 498 dirimitur,

296 532 477 590 penes
507 514 803 570 Othonem
857 514 1196 572 manebant:
1244 532 1359 572 non
1388 514 1638 590 partium
1679 512 1908 582 studi03
1951 509 2060 568 sed
2099 515 2227 570 erat

286 594 506 668 grande
553 602 906 652 momentum
948 593 1008 650 in
1037 594 1268 652 nomine
1312 593 1475 652 urbis
1501 612 1569 650 ac
1598 600 1890 669 praetextu
1934 590 2216 648 Senatus:

295 681 354 731 et
373 680 770 749 occupaverat
790 673 1007 730 animos
1049 674 1214 749 prior
1235 674 1476 732 auditus.
1559 673 1596 729 J
1601 673 1867 731 udaicum
1895 668 2226 729 exercitum

296 752 712 831 Vespasianus,
756 753 943 829 Syriae
971 753 1230 828 legiones
1252 753 1554 812 Mucianus
1582 758 1946 812 sacramento
1972 747 2224 808 Othonis

293 833 566 911 adegere.
653 833 833 890 Simul
872 833 1161 909 AEgyptus
1207 851 1525 910 omnesque
1570 851 1763 891 versae
1810 832 1871 890 in
1911 830 2222 890 Orientem

290 915 614 988 provinciae
664 913 896 971 nomine
938 912 1064 987 ejus
1108 914 1479 970 tenebantur.
1565 913 1728 970 Idem
1781 910 1996 970 Africae
2050 911 2223 969 obse·

290 994 512 1069 quium,
542 993 704 1051 initio
746 1012 780 1048 a
820 992 1172 1066 Carthagine
1211 1000 1362 1049 orto.
1450 992 1660 1067 Neque
1712 996 2047 1066 exspectata
2073 988 2222 1067 vip-

287 1073 439 1144 stani
470 1070 811 1145 Aproniani,
839 1070 1235 1137 Proconsulis,
1289 1070 1652 1138 auctoritate,
1680 1070 1996 1138 Crescens,
2025 1069 2218 1127 Nero·

290 1150 383 1207 nis
412 1150 663 1205 libertus
693 1145 854 1224 (nam
875 1154 934 1202 et
958 1146 1019 1202 hi
1047 1146 1212 1202 malis
1234 1146 1594 1221 temporibus
1621 1156 1847 1223 partem
1867 1167 1931 1205 se
1959 1147 2219 1224 Reipub-

176 1252 191 1257 ·
288 1226 427 1286 licae
459 1224 701 1304 faciunt)
747 1226 982 1300 epulum
1027 1225 1212 1301 plebi,
1256 1227 1329 1282 ob
1373 1225 1629 1283 laetitiam
1669 1225 1919 1284 recentis
1963 1227 2224 1302 Imperii,

214 1367 225 1378 ,
284 1308 606 1374 obtulerat,
663 1317 721 1363 et
749 1306 998 1380 populus
1022 1305 1304 1381 pleraque
1333 1305 1459 1363 sine
1487 1305 1658 1363 modo
1679 1305 1993 1365 festinavit.
2079 1303 2223 1363 Car-

284 1385 606 1461 maginem,
629 1395 848 1444 ceterae
876 1386 1138 1443 civitates
1159 1393 1397 1446 secutae.

369 1465 672 1523 LXXVII.
717 1466 813 1523 Sic
845 1465 1133 1528 distractis
1162 1467 1519 1525 exercitibus
1547 1486 1614 1525 ac
1656 1465 2000 1543 provinciiS,
2032 1465 2217 1525 Vitel-

286 1544 368 1603 lio
390 1547 627 1623 quidem
656 1546 726 1603 ad
746 1545 1158 1621 capessendam
1187 1546 1552 1623 Principatus
1577 1546 1867 1606 fortunam
1885 1547 2048 1606 bello
2071 1565 2218 1623 opus

286 1633 434 1684 erat.
516 1626 699 1694 Otho,
727 1634 792 1684 ut
811 1626 869 1683 in
896 1627 1074 1683 multa
1093 1645 1262 1702 pace,
1290 1626 1484 1685 munia
1505 1627 1746 1703 Imperii
1776 1626 2009 1698 obibat3
2055 1646 2214 1703 quae·

284 1704 417 1764 dam
463 1724 541 1763 ex
566 1705 839 1781 dignitate
888 1706 1278 1783 Reipublicae,
1330 1708 1615 1784 pleraque
1664 1713 1868 1765 contra
1911 1706 2093 1764 decus
2140 1723 2218 1764 ex

282 1786 565 1858 praesenti
613 1805 721 1845 usu
748 1785 1140 1864 properando.
1224 1784 1447 1844 Consul
1488 1805 1623 1845 cum
1670 1786 1905 1845 Titiano
1951 1784 2130 1843 fratre
2158 1784 2220 1843 in

284 1862 573 1923 Kalendas
596 1865 831 1926 Martias
858 1867 984 1941 ipse
1009 1888 1023 1923 :
1070 1862 1162 1942 (k)
1190 1867 1490 1941 proximos
1515 1885 1747 1925 menses
1775 1864 2056 1941 Verginio
2079 1864 2210 1923 des·

281 1941 444 2014 fluat,
472 1953 537 2012 ut
562 1946 795 2022 aliquod
824 1944 1109 2004 exercitui
1150 1945 1505 2004 Germanico
1532 1943 1988 2006 delinimentum.
2068 1943 2213 2001 Jun-

281 2023 439 2100 gitur
464 2024 746 2099 Verginio
774 2024 1068 2099 Poppaeus
1115 2021 1429 2098 Vopiscus,
1476 2032 1769 2099 praetextu
1812 2023 2035 2084 veteris
2074 2022 2215 2081 ami·

278 2104 437 2163 citiae
461 2127 478 2178 3
514 2105 815 2179 plerique,
841 2102 1261 2160 Viennensium
1289 2101 1497 2160 honori
1513 2103 1728 2173 datum,
1755 2101 2219 2178 interpretaban-

276 2190 398 2242 tur.
485 2182 691 2240 Ceteri
713 2181 1060 2240 Consulatus
1086 2199 1164 2238 ex
1189 2179 1573 2239 destinatione
1699 2181 1857 2239 ronis
1885 2189 1981 2239 aut
2008 2180 2215 2243 Galbae

178 2278 190 2292 ·
220 2312 227 2317 .
282 2280 579 2342 mansere,
610 2259 797 2321 Caelio
818 2268 915 2320 aut
939 2258 1145 2319 Flavio
1173 2258 1398 2318 Sabinis
1425 2258 1485 2317 in
1523 2257 1561 2314 J
1564 2279 1601 2317 u
1626 2278 1730 2331 ias,
1776 2260 1951 2319 Arrio
1977 2260 2216 2321 Antoni-

348 2456 382 2506 k
413 2454 843 2523 Thenumbervof
871 2455 1088 2506 consuls
1109 2456 1165 2505 in
1186 2454 1288 2505 this
1309 2456 1542 2509 eventsul
1569 2472 1698 2523 year
1711 2470 1819 2507 was
1839 2472 1894 2506 so
1912 2460 2079 2521 great,
2101 2455 2218 2505 that

281 2521 654 2637 {ingaii‘Ziff‘
666 2525 861 2574 useless
892 2527 947 2571 to
978 2523 1128 2611 place
1166 2523 1256 2572 the
1274 2521 1362 2573 list
1380 2523 1436 2574 in
1455 2540 1553 2575 one
1576 2526 1714 2575 view
1739 2523 1914 2573 before
1931 2524 2019 2573 the
2036 2537 2133 2588 eye
2164 2521 2224 2570 of

717 2656 784 2704 A,
813 2652 878 2704 U.
902 2651 959 2702 C.
986 2655 1100 2703 822.
1471 2654 1696 2708 Consuzs.

439 2719 520 2768 On
544 2721 631 2769 the
655 2714 878 2770 Caleuds
893 2718 953 2768 of
964 2720 994 2770 J
1000 2733 1215 2782 anuary,
1289 2716 1475 2783 Galba,

652 2786 794 2836 Hine.
828 2786 869 2834 i.
906 2800 946 2834 s.
971 2787 1015 2834 1.
1287 2783 1487 2835 Vinius.

588 2850 594 2856 ’
682 2850 913 2902 calenda
935 2849 993 2900 os
1013 2850 1220 2910 March,
1292 2850 1493 2900 Salviu-
1514 2853 1671 2914 Otho,

744 2917 879 2967 Hist.
930 2916 970 2969 i.
990 2933 1029 2965 s.
1073 2915 1157 2966 77.
1292 2915 1712 2967 Titianusolho.

685 2980 908 3032 Calends
961 2980 1019 3030 os
1061 2982 1205 3045 May,
1276 2980 1551 3045 Verginius
1573 2984 1763 3044 Rufus,

744 3047 882 3097 Hist.
921 3047 958 3096 i.
982 3063 1020 3094 s.
1057 3046 1143 3096 77.
1280 3045 1549 3108 Pompeius
1571 3048 1838 3110 Vopiscus.

745 3112 976 3163 Calends
997 3111 1209 3175 osJuly,
1282 3111 1473 3161 Caelius
1498 3112 1734 3170 Sabinus,

772 3178 908 3228 Hist.
968 3178 1006 3228 i.
1027 3193 1066 3226 s.
1099 3178 1180 3227 77.
1283 3177 1498 3226 Flavius
1517 3178 1760 3227 Sabinus.

563 3242 786 3294 Calends
805 3244 866 3294 of
877 3244 1197 3307 September,
1267 3242 1449 3294 Arrius
1474 3243 1777 3305 Antoninus,

623 3350 637 3361 .
673 3308 813 3360 Ηίιῐ.
834 3312 871 3358 i.
904 3325 944 3359 s.
963 3308 1047 3359 77.
1271 3309 1478 3358 Marcus
1500 3310 1704 3360 Celsus.

576 3371 798 3424 Calends
825 3377 882 3424 of
902 3376 1221 3439 November,
1288 3374 1476 3423 Fabius
1498 3375 1713 3437 Valens,

276 3435 325 3469 Ἢ
671 3439 808 3495 Ηὶιῐ.
841 3441 980 3490 ii.'s.
1040 3444 1086 3491 1.
1292 3440 1503 3489 Alienus
1520 3440 1750 3491 Caecina.

336 3501 552 3554 Cutina
567 3502 720 3569 being
742 3507 1069 3569 pronounced
1086 3521 1121 3556 a
1134 3507 1323 3555 traitor
1339 3506 1411 3567 by
1432 3506 1521 3555 the
1539 3508 1745 3566 Senate,
1786 3519 1853 3553 on
1880 3506 1968 3554 the
1989 3505 2089 3565 day
2113 3503 2201 3551 be-

278 3568 382 3618 fore
402 3564 492 3618 the
532 3570 754 3619 Calends
791 3574 852 3622 of
875 3572 906 3621 J
912 3587 1128 3634 anuary,
1157 3574 1216 3622 Α.
1240 3571 1307 3622 U.
1332 3569 1394 3620 C.
1418 3572 1533 3636 823,
1550 3573 1641 3623 the
1662 3571 1842 3620 consul
1874 3569 1953 3618 sor
1986 3581 2021 3619 a
2044 3566 2204 3627 single

276 3633 372 3705 day
392 3649 497 3689 was
514 3635 700 3689 Rosiu-
720 3636 972 3705 Regulus.
1040 3638 1176 3690 Hist.
1196 3638 1272 3689 iii.
1295 3652 1332 3686 s.
1372 3636 1460 3690 37.
1831 3636 1864 3658 χ
