2459 4075
292 204 346 243 J.
381 206 438 244 e.
470 188 568 244 6⁹.
745 179 1072 242 HISTOR.
1118 180 1273 241 LIB.
1318 180 1766 246 SECUNDUS.
2144 184 2221 240 89

302 337 320 363 ‘
343 337 405 392 et
428 327 714 406 Principis
735 328 1074 399 imitatione,
1096 328 1406 389 deteritur.
1472 323 1632 392 ‘Tibi
1661 346 1697 387 e
1724 325 1760 383 J
1765 326 1932 386 udaea
1956 336 2017 386 et
2050 328 2224 404 Syria

299 418 315 443 ⁴
341 416 401 468 et
424 410 680 487 AEgypto
708 427 920 467 novem
948 410 1210 485 legiones
1238 410 1505 486 integrae,
1532 408 1695 467 nulla
1735 407 1862 467 acie
1896 407 2223 477 exhaustae,

231 507 253 525 ³
294 497 312 523 ⁴
332 509 447 548 non
474 489 764 549 discordia
788 499 1085 565 conruptae
1113 512 1128 548 :
1172 489 1281 549 sed
1320 488 1580 549 firmatus
1620 506 1728 547 usu
1763 487 1957 558 miles,
1984 493 2046 546 et
2083 486 2224 546 belli

296 577 312 603 ⁸
331 569 584 629 domitor
606 569 869 627 externi:
913 568 1203 640 classium,
1241 570 1486 640 alarum,
1513 568 1843 627 cohortium
1872 569 2124 641 robora;
2166 573 2229 625 et

294 656 310 683 ⁴
335 649 595 707 fidissimi
620 648 848 723 Reges:
896 656 957 707 et
982 657 1079 707 tua
1103 657 1236 709 ante
1257 669 1460 709 omnes
1481 647 1892 725 experientia)

371 728 675 786 LXXVII.
722 736 738 761 ⁶
758 728 945 787 Nobis
973 729 1118 787 nihil
1145 730 1297 788 ultra
1316 731 1627 806 adrogabo,
1649 746 1820 807 quam
1845 745 1923 787 ne
1949 730 2084 802 post
2110 722 2224 781 Va-

297 808 552 868 ‘lentem
580 828 648 869 ac
690 808 987 868 Caecinam
1027 827 1422 869 numeremur.
1507 808 1602 868 Ne
1650 816 1843 868 tamen
1887 805 2225 866 Mucianum

296 895 313 920 ⁸
332 889 556 948 socium
582 888 909 965 spreveris,
938 889 1074 965 quia
1100 889 1370 947 aemulum
1397 907 1512 947 non
1541 889 1869 966 experiris:
1913 905 2011 946 me
2038 883 2227 943 Vitel-

293 973 311 1000 ⁸
330 968 411 1025 lio
439 976 752 1045 antepono,
800 976 861 1028 te
905 968 1069 1027 mihi.
1157 969 1310 1027 Tum
1355 969 1548 1027 domui
1593 969 1944 1046 triumphale
1988 983 2229 1034 nomen,

292 1054 313 1079 ‘
330 1046 445 1106 duo
455 1048 736 1123 juvenes,
763 1067 947 1124 capax
956 1049 1078 1123 jam
1099 1048 1340 1124 Imperii
1369 1048 1539 1121 alter,
1559 1054 1619 1105 et
1643 1050 1846 1124 primis
1873 1046 2094 1105 militiae
2125 1064 2224 1103 an·

293 1133 313 1160 ⁸
338 1126 429 1184 nis
462 1126 612 1202 apud
643 1127 1024 1185 Germanicos
1063 1133 1295 1202 quoque
1337 1126 1645 1185 exercitus
1676 1127 1886 1186 clarus».
1925 1125 2021 1204 (x)
2105 1124 2223 1182 Ab·

281 1211 314 1237 ··
334 1205 576 1262 surdum
600 1203 799 1273 fuerit,
825 1223 940 1264 non
965 1205 1185 1265 cedere
1209 1205 1467 1281 Imperio
1489 1205 1569 1274 ei,
1590 1205 1756 1280 cujus
1783 1204 1961 1263 filium
1994 1203 2226 1279 adopta·

293 1290 501 1341 ‘turus
524 1301 738 1354 essem,
765 1283 814 1341 si
843 1285 970 1361 ipse
1003 1285 1384 1363 imperarem.
1469 1283 1750 1344 Ceterum
1783 1283 1939 1343 inter
1981 1301 2084 1341 nos
2114 1300 2229 1339 non

293 1371 310 1397 ⁸
324 1362 484 1421 idem
499 1382 917 1441 prosperarum
934 1365 1431 1443 adversarumque
1453 1383 1651 1424 rerum
1675 1364 1818 1424 ordo
1837 1363 1970 1423 erit.
2056 1360 2229 1431 Nam,

294 1442 382 1500 ‘si
417 1443 724 1513 vincimuS,
751 1445 1057 1517 honorem,
1098 1466 1275 1524 quem
1310 1446 1568 1516 dederis,
1592 1446 1867 1504 habebo:
1913 1441 2230 1502 discrimen

293 1529 313 1556 ·
329 1539 398 1580 ac
425 1523 687 1599 pericula
708 1543 783 1583 ex
805 1543 975 1603 aequo
991 1527 1288 1602 patiemur
1312 1548 1327 1585 :
1355 1526 1555 1597 immo,
1583 1533 1648 1586 ut
1666 1525 1875 1584 melius
1904 1530 2014 1594 est,
2031 1530 2094 1582 tu
2121 1521 2231 1580 hos

296 1603 629 1662 ‘exercitus
662 1624 843 1680 rege;
886 1605 1030 1664 mihi
1058 1608 1279 1667 bellum
1306 1613 1368 1666 et
1392 1607 1757 1683 proeliorum'
1777 1606 2003 1665 incerta
2037 1600 2230 1664 trade.

297 1681 579 1740 'Acriore
609 1684 788 1746 hodie
824 1685 1129 1763 disciplina
1174 1687 1341 1758 victi,
1381 1706 1556 1765 quam
1588 1687 1843 1746 victores
1871 1691 2075 1761 agunt:
2121 1682 2231 1742 hos

298 1761 435 1831 ‘ira,
478 1762 694 1833 odium,
735 1763 971 1820 ultionis
1017 1767 1305 1838 cupiditas
1333 1766 1403 1819 ad
1444 1768 1728 1824 virtutem
1769 1762 2070 1826 accendit:
2115 1762 2226 1834 illi,

294 1837 312 1873 '⁸
331 1859 444 1917 per
467 1839 755 1901 fastidium
782 1850 844 1900 et
869 1841 1308 1911 contumaciam,
1330 1840 1676 1900 hebescunt.
1759 1841 2010 1919 Aperiet
2046 1849 2105 1901 et
2133 1861 2229 1902 re·

296 1920 526 1980 'cludet
551 1927 821 1981 contecta
844 1929 907 1980 et
931 1920 1316 1980 tumescentia
1340 1920 1668 1981 victricium
1705 1922 1959 1999 partium
1985 1924 2234 1984 vulnera

296 2005 310 2032 ‘
329 2000 553 2060 bellum
571 2001 782 2077 ipsum.
866 1999 999 2059 Nec
1019 1999 1162 2058 mihi
1183 1999 1371 2076 major
1402 2000 1461 2059 in
1492 2008 1590 2060 tua
1616 2000 1925 2077 vigilantia,
1946 2003 2228 2078 parsimo-

291 2086 312 2115 ’
325 2081 443 2151 nia,
472 2081 775 2155 sapientia,
797 2078 1006 2136 fiducia
1025 2085 1137 2148 est,
1160 2098 1336 2154 quam
1361 2079 1421 2136 in
1443 2079 1669 2138 Vitellii
1691 2087 1957 2158 torpore,
1978 2080 2226 2145 inscitia.

287 2168 307 2195 ·
323 2159 571 2217 saevitia.
651 2155 770 2214 Sed
796 2163 858 2214 et
882 2156 1188 2213 meliorem
1214 2155 1274 2214 in
1298 2158 1461 2215 bello
1479 2175 1758 2226 caussam,
1788 2176 1961 2236 quam
1986 2158 2046 2217 in
2075 2179 2224 2238 pace

290 2247 306 2276 ⁶
327 2240 649 2300 habemus:
692 2254 825 2295 nam
847 2235 946 2311 qui
967 2234 1314 2305 deliberant,
1343 2235 1761 2295 desciverunt?

373 2315 709 2376 LXXVIII.
750 2316 892 2375 Post
933 2314 1188 2375 Muciani
1214 2315 1536 2384 orationem
1563 2317 1751 2375 ceteri
1784 2316 2085 2376 audentius
2111 2319 2224 2385 cir-

290 2396 658 2466 cumsistere,
681 2395 926 2466 hortari,
969 2404 986 2430 ‘
1007 2414 1290 2473 responsa
1314 2402 1508 2455 vatum
1528 2402 1589 2455 et
1613 2396 1872 2456 siderum
1893 2399 2102 2457 motus’
2131 2416 2227 2458 re·

293 2478 474 2538 serre.
560 2473 689 2534 Nec
726 2483 854 2536 erat
897 2476 1141 2535 intactus
1193 2476 1293 2534 tali
1340 2476 1777 2552 superstitione,
1821 2485 1883 2536 ut
1923 2478 2022 2554 qui
2069 2496 2229 2549 mox,

295 2575 495 2617 rerum
542 2556 827 2627 dominus,
862 2556 1173 2621 Seleucum
1219 2556 1528 2632 quendam,
1573 2557 2062 2631 mathematicum,
2096 2576 2228 2616 rec-

295 2643 487 2696 torem
515 2642 575 2694 et
621 2636 933 2711 praescium
975 2636 1163 2713 palam
1210 2636 1500 2696 hahuerit.
1588 2636 1989 2697 Recursabant
2035 2638 2228 2697 animo

292 2723 500 2776 vetera
528 2715 739 2786 omina,
765 2714 860 2794 (y)
900 2733 1214 2793 cupressus
1248 2717 1425 2774 arbor
1449 2716 1510 2773 in
1546 2718 1696 2793 agris
1735 2717 1886 2794 ejus,
1915 2718 2232 2797 conspicua

297 2795 617 2865 altitudine,
645 2802 893 2872 repente
922 2796 1292 2872 prociderat3
1337 2813 1405 2856 ac
1431 2804 1669 2873 postera
1709 2797 1829 2868 die,
1858 2798 2065 2858 eodem
2093 2818 2227 2859 ves·

295 2875 437 2951 tigio
463 2892 799 2951 resurgens,
833 2892 1084 2953 procera
1122 2884 1184 2935 et
1221 2875 1395 2935 latior
1420 2876 1683 2937 virebat:
1727 2877 1942 2953 grande
1987 2879 2045 2936 id
2090 2896 2227 2955 pro·
2294 2896 2297 2899 ’

289 2973 667 3032 sperumque‚
704 2973 989 3014 consensu
1015 2955 1445 3032 Haruspicum:
1491 2964 1554 3014 et
1579 2975 1798 3017 summa
1822 2957 2103 3016 claritudo
2120 2957 2219 3034 ju·

296 3033 434 3093 veni
452 3032 757 3093 admodum
777 3033 1134 3109 Vespasiano
1151 3034 1455 3110 promissa.
1512 3034 1627 3092 Sed
1646 3034 1838 3111 primo
1859 3036 2231 3111 triumphalia

297 3120 360 3177 et
384 3112 734 3173 Consulatus
754 3119 814 3172 et
830 3111 867 3168 J
872 3113 1060 3176 udicae
1086 3112 1352 3172 victorias
1379 3112 1582 3182 decus,
1605 3114 1858 3190 inplesse
1878 3113 2052 3172 fidem
2080 3116 2220 3175 omi-

366 3307 406 3341 a:
443 3288 773 3356 Triumphale
792 3305 986 3343 nomen.
1053 3289 1110 3340 In
1145 3290 1235 3339 the
1254 3289 1395 3355 reign
1432 3288 1491 3338 of
1518 3284 1785 3349 Claudius,
1820 3288 2093 3356 Vespasium
2123 3292 2228 3342 had

302 3354 540 3407 obtained
559 3356 647 3405 the
661 3357 858 3406 honour
873 3356 932 3406 of
944 3356 1216 3420 atriumph
1238 3356 1313 3406 for
1327 3356 1406 3405 his
1426 3356 1642 3405 conduct
1661 3356 1713 3404 in
1736 3355 1947 3407 Britain.
2017 3360 2157 3408 Suet.
2174 3360 2228 3408 in

301 3422 452 3484 Vesp.
470 3438 510 3470 s.
532 3424 582 3472 4.
649 3421 744 3472 His
760 3437 845 3471 son
868 3423 1015 3472 Titus
1031 3423 1132 3477 had
1146 3422 1324 3471 served
1336 3422 1463 3471 with
1475 3422 1562 3470 the
1575 3424 1701 3473 rank
1719 3422 1776 3472 of
1788 3423 2013 3487 military
2025 3424 2229 3474 tribune

297 3487 353 3536 in
395 3487 592 3536 Britain
612 3503 665 3535 as
686 3489 805 3537 well
836 3503 889 3536 as
912 3488 1187 3550 Germany,
1206 3487 1305 3536 and
1335 3503 1465 3554 gave
1487 3489 1629 3551 early
1647 3489 1813 3552 proofs
1831 3490 1890 3540 of
1916 3490 2005 3539 the
2035 3491 2228 3539 modost

299 3552 454 3602 merit
467 3554 580 3603 that
591 3551 951 3617 distinguished
972 3554 1049 3605 his
1064 3555 1337 3605 character.
1406 3554 1545 3603 Suet.
1563 3553 1614 3604 in
1638 3554 1775 3606 Tito.
1790 3571 1830 3603 s.
1847 3560 1899 3604 4.

343 3635 398 3687 ,31
419 3617 580 3735 {pra
597 3618 813 3670 number
842 3619 900 3672 os
926 3620 1115 3671 eracles
1151 3621 1250 3672 and
1280 3619 1549 3687 prodigies:
1587 3635 1672 3669 soe
1715 3621 1856 3671 Suet.
1893 3619 1946 3667 in
1995 3615 2143 3677 Vesp-
2185 3626 2225 3659 ει

303 3687 333 3735 5
356 3698 418 3734 on
506 3720 518 3736 .
