2459 4075
188 104 192 108 ⁴
262 122 320 162 s.
350 120 413 163 n.
443 93 545 161 69.
723 95 1048 161 HISTOR.
1095 99 1248 160 ΜΒ.
1294 97 1741 159 SECUNDUS.
2108 107 2186 164 61

272 266 471 310 carum
497 247 577 305 ibi
598 247 849 317 navium,
878 246 1205 320 Quinctium
1244 244 1510 316 Certum,
1550 246 1824 324 Equitem
1852 245 2195 319 Romanum,

270 326 517 387 interfici
535 327 743 404 jubet:
770 347 1039 405 -quorum
1068 334 1257 387 morte
1286 326 1576 397 exterriti,
1604 328 1701 405 qui
1730 330 1993 398 aderant,
2020 329 2189 387 simul

271 406 465 485 ignara
490 404 552 466 et
597 405 770 467 alieni
817 414 1005 467 metus
1048 408 1206 467 socia
1251 406 1660 484 imperitorum
1698 409 1889 479 turba,
1918 407 1979 466 in
2016 409 2202 467 verba

271 487 498 548 Vitellii
508 486 817 564 juravere.
902 487 1039 557 Sed,
1067 488 1166 546 ubi
1184 486 1480 546 delectum
1503 505 1677 562 agere
1696 486 1996 558 Pacarius,
2018 495 2081 546 et
2105 487 2192 546 in·

270 567 531 628 conditos
559 567 823 627 homines
864 565 1100 644 fatigare
1126 567 1348 628 militiae
1375 566 1710 626 muneribus
1752 568 2004 645 occepit,
2034 567 2198 625 labo·
2309 586 2338 614 ι

191 653 213 664 ‘
271 666 396 707 rem
421 647 716 708 insolitum
756 647 978 725 perosi,
1020 647 1408 707 infirmitatem
1446 666 1606 706 suam
1635 648 2013 724 reputabant:
2061 653 2079 680 ⁸
2107 647 2200 708 ine

268 734 290 763 ‘
318 728 501 786 sulam
528 746 684 798 esse,
713 746 883 808 qnam
928 727 1277 798 incolerent,
1299 735 1361 787 et
1404 728 1580 804 longe
1606 728 1977 787 Germaniam
2006 727 2194 787 vires·

271 813 288 841 ‘
318 827 434 887 que
480 807 812 885 legionumz
857 806 1120 885 direptos
1166 814 1556 887 vastatosque⁴
1577 809 1787 880 classe,
1831 807 2003 868 etiam
2051 825 2196 886 quos

270 893 289 921 ‘
317 888 591 948 cohortes
614 890 839 967 alaeque
861 889 1286 964 protegerent.’
1368 885 1444 946 Et
1465 889 1659 947 aversi
1687 896 1929 964 repente
1971 887 2146 948 animi
2172 909 2188 947 ε

271 987 382 1027 nec
426 974 618 1027 tamen
667 975 874 1044 aperta
897 967 980 1038 vi,
1029 975 1225 1045 aptum
1273 973 1508 1044 tempus
1559 964 1784 1026 insidiis
1823 969 2064 1043 legere:
2108 968 2202 1028 di·-

265 1047 509 1123 gressis,
543 1047 646 1123 qui
672 1046 976 1105 Pacarium
1001 1046 1470 1123 frequentabant,
1499 1046 1692 1104 nudus
1700 1054 1761 1106 et
1787 1047 1983 1105 auxilii
2000 1048 2194 1127 inops,

263 1124 515 1184 balineis
540 1123 913 1195 interficitur,
934 1125 1199 1183 trucidati
1227 1131 1292 1183 et
1316 1125 1580 1183 comites.
1667 1124 1898 1202 Capita,
1920 1133 1981 1185 ut
2011 1128 2193 1188 hosti-

269 1224 393 1275 um,
442 1202 553 1279 ipsi
577 1201 987 1262 interfectores
1015 1204 1086 1262 ad
1111 1203 1409 1262 Othonem
1457 1204 1687 1263 tulere:
1731 1223 1926 1281 neque
1968 1224 2071 1265 eos
2099 1205 2198 1285 (b)

269 1290 370 1343 aut
397 1282 557 1341 Otho
579 1282 827 1360 praemio
837 1281 1066 1353 adfecit,
1089 1290 1185 1342 ant
1203 1283 1432 1360 punivit
1448 1283 1744 1356 Vitellius,
1765 1285 1827 1344 in
1848 1284 2028 1345 multa
2051 1304 2191 1346 con·

272 1364 433 1424 luvie
461 1382 659 1422 rerum
674 1361 994 1439 majoribus
1015 1362 1241 1439 flagitiis
1269 1363 1611 1439 permixtoS.

348 1443 546 1503 Xvn.
586 1444 927 1519 Aperuerat
942 1442 1065 1519 jam
1110 1442 1356 1513 Italiam,
1403 1443 1744 1523 bellumque
1774 1443 2193 1518 transmiserat,

270 1532 336 1585 nt
359 1542 536 1600 supra
561 1521 1028 1593 memoravimus,
1071 1523 1160 1581 ala
1195 1523 1450 1600 Syllana,
1491 1524 1649 1583 n'ullo
1677 1525 1829 1602 apud
1855 1544 2199 1605 quamquam

272 1604 521 1663 Othonis
570 1601 811 1663 favore:
855 1621 968 1667 nec
1015 1601 1146 1680 quia
1190 1602 1494 1664 Vitellium
1546 1604 1823 1678 mallent;
1866 1606 1973 1665 sed
2017 1606 2210 1682 longa-

272 1702 387 1761 pax
408 1683 477 1741 ad
505 1702 675 1741 omne
706 1682 1008 1742 servitium
1043 1680 1321 1759 fregerat,
1349 1681 1549 1741 faciles
1576 1686 1995 1761 occupantibus
2026 1683 2116 1766 (c)
2135 1691 2199 1745 et

271 1762 607 1823 melioribus
646 1762 990 1823 incuriosos.
1072 1761 1573 1822 Florentissimum
1601 1763 1781 1825 ltaliae
1809 1765 1977 1837 latus,
2017 1784 2197 1844 quan·-

272 1847 396 1902 tum
448 1843 602 1903 inter
629 1841 844 1902 Padum
887 1843 1189 1920 Alpesque
1227 1861 1568 1919 camporum
1614 1850 1675 1902 et
1721 1845 1969 1916 urbium,
2019 1844 2195 1904 armis

273 1922 501 1982 Vitellii
527 1921 805 2001 (namque
833 1929 895 1981 et
922 1922 1243 1998 praemissae
1271 1943 1304 1980 a
1343 1922 1585 1984 Caecina
1621 1924 1898 1984 cohortes
1942 1924 2196 1983 advene·

273 2000 431 2084 rant)
445 2002 775 2083 tenebatur.
855 2000 1048 2076 Capta
1085 2000 1510 2060 Pannoniorum
1535 2000 1749 2060 cohors
1770 2002 1924 2092 apud
1950 2001 2199 2061 Cremo-

271 2102 426 2144 nam.
473 2123 480 2129 -
511 2080 835 2156 Intercepti
856 2086 1088 2137 centum
1113 2079 1341 2154 equites
1363 2098 1428 2136 ac
1456 2079 1618 2136 mille
1644 2079 1867 2139 classici
1893 2082 2048 2138 inter
2067 2080 2199 2140 Pla·

271 2161 527 2223 centiam
565 2159 993 2237 Ticinumque:
1039 2175 1155 2234 quo
1192 2174 1468 2215 successu
1494 2155 1840 2229 Vitellianus
1876 2158 2044 2219 miles
2083 2179 2201 2221 non

262 2244 389 2320 jam
445 2238 689 2299 flumine
737 2245 834 2297 aut
881 2237 1025 2314 ripis
1077 2236 1408 2296 arcebatur.
1515 2235 1796 2297 Inritabat
1836 2236 1976 2316 quin
2029 2239 2204 2302 etiam

273 2323 523 2382 Batavos
573 2318 1168 2394 Transrhenanosqne
1234 2316 1420 2376 Padus
1466 2317 1595 2395 ipse
1624 2339 1639 2376 x
1700 2337 1873 2394 quem
1929 2326 2199 2396 repente,

272 2409 477 2462 contra
502 2397 877 2469 Placentiam,
905 2397 1273 2472 transgressi,
1301 2397 1482 2474 raptis
1507 2397 1844 2474 quibusdam
1867 2400 2201 2476 explorato·

200 2542 203 2549 ,
274 2481 460 2551 ribus,
500 2479 585 2539 ita
622 2485 858 2538 ceteros
903 2485 1199 2546 terruere,
1217 2485 1310 2548 ut,
1366 2478 1606 2537 ‘adesse
1654 2496 1886 2540 omnem
1939 2477 2202 2543 Caecinae
2237 2500 2243 2505 ⁴

275 2570 293 2596 ‘
327 2559 693 2628 exercitum‚’
721 2556 938 2636 trepidi
960 2576 1026 2615 ac
1053 2555 1180 2616 falsi
1207 2555 1556 2633 nuntiarent.
2215 2576 2219 2581 ·

319 2676 335 2697 f
357 2640 582 2713 XVIII.
628 2637 875 2698 Certum
895 2642 1022 2697 erat
1059 2636 1372 2714 Spurinnae
1397 2636 1475 2717 (is
1517 2638 1673 2699 enim
1721 2638 2074 2701 Placentiam
2092 2643 2200 2701 ob·
2227 2688 2232 2691 .

277 2719 552 2801 tinebat‚)
576 2738 690 2779 nec
731 2718 867 2778 dum
912 2717 1147 2777 venisse
1189 2716 1507 2790 Caecinam,
1552 2726 1633 2791 et,
1671 2720 1721 2777 si
1759 2721 2205 2797 propinquaret,

260 2816 562 2863 ,coercere
589 2799 740 2858 intra
775 2799 1129 2858 munimenta
1154 2798 1420 2879 militem,
1464 2817 1577 2858 nec
1604 2807 1725 2856 tres
1755 2798 2073 2860 Praetorias
2100 2822 2205 2863 co-

273 2880 479 2937 hortes
518 2885 583 2936 et
598 2879 757 2937 mille
777 2876 1137 2948 vexillarios,
1165 2896 1297 2936 cum
1339 2879 1538 2953 paucis
1565 2877 1879 2954 equitibus,
1909 2884 2194 2944 veterano

274 2956 572 3018 exercitui
607 2956 887 3033 objicere.
973 2956 1092 3014 Sed
1136 2954 1443 3015 indomitus
1491 2955 1660 3015 miles
1701 2965 1762 3017 et
1786 2959 1930 3016 belli
1950 2961 2200 3038 ignarus,

273 3039 572 3116 conreptis
600 3036 774 3113 signis
801 3035 1173 3112 vexillisque,
1195 3054 1398 3103 ruere,
1417 3042 1479 3093 et
1502 3034 1778 3095 retinenti
1795 3034 1949 3096 Duci
1974 3041 2094 3107 tela
2117 3043 2204 3103 in..

276 3125 526 3191 tentare,
555 3116 770 3196 spretis
810 3114 1266 3177 centurionibus
1293 3113 1692 3194 Tribunisque
1719 3138 1748 3197 3»
1780 3116 1916 3195 quin
1962 3126 1980 3154 ‘
2004 3121 2203 3199 prodi-
2235 3132 2241 3139 ·

264 3334 269 3339 .
292 3292 293 3295 ’
348 3282 379 3331 b
410 3281 585 3346 Neqm
605 3299 699 3346 coe,
719 3290 805 3335 etc.
873 3282 988 3334 The
1009 3283 1126 3333 idea
1145 3280 1186 3332 is
1200 3283 1313 3333 that
1330 3283 1424 3333 the
1452 3281 1678 3335 assasdns
1692 3297 1830 3334 were
1849 3289 1938 3336 not
1955 3287 2204 3352 punished

279 3348 354 3409 by
374 3347 538 3399 either
557 3348 692 3399 Otho
707 3364 765 3400 or
801 3347 1053 3400 Vitellius.
1119 3349 1176 3400 In
1194 3349 1284 3398 the
1315 3364 1445 3399 mass
1459 3350 1519 3400 of
1541 3350 1790 3401 atrocioris
1806 3351 1958 3402 deeds
1977 3355 2090 3404 that
2104 3353 2206 3402 dis-

277 3413 466 3479 graoed
486 3413 574 3462 the
594 3413 756 3475 times,
774 3420 918 3480 petty
930 3414 1160 3466 villanies
1191 3429 1328 3465 were
1348 3415 1560 3467 suffered
1590 3422 1645 3466 to
1662 3431 1773 3481 pass
1787 3417 1915 3467 with
1935 3417 2202 3482 impunity.

343 3495 370 3528 e
403 3478 600 3531 Faciles
620 3483 987 3547 occupantibus,
1011 3489 1098 3533 etc.
1167 3481 1350 3546 Ready
1383 3487 1439 3531 to
1475 3482 1661 3534 streteh
1690 3482 1826 3531 their
1857 3485 2008 3532 necks
2042 3488 2095 3531 to
2116 3482 2204 3530 the

274 3558 427 3663 puniam,
457 3545 721 3663 whatever
739 3547 876 3600 hand
896 3546 1120 3616 imposed
1154 3545 1225 3608 it;
1258 3548 1312 3599 in
1330 3547 1468 3602 their
1486 3548 1658 3603 choico
1671 3546 1731 3600 of
1742 3561 1775 3599 n
1807 3552 1997 3603 master
2011 3544 2204 3604 whollx'

225 3638 233 3644 -
416 3625 539 3661 eren
1441 3640 1459 3655 ι

1181 3674 1221 3738 7
1259 3666 1298 3719 θεῖ

1510 3888 1546 3915 δ,
