2459 4075
242 144 355 200 110
587 135 600 150 ·
833 138 904 196 C.
950 133 1198 201 CORN.
1246 134 1562 199 ΤΑΟΙΤΙ.
1759 159 1815 199 Α.
1849 155 1908 200 υ.
1941 159 1996 202 c.
2030 135 2202 204 822(
2282 88 2301 99 ³

235 285 380 347 natis
443 283 790 357 Praefectus,
844 286 1138 362 ambiguos
1185 286 1431 346 militum
1474 285 1713 358 animos,
1746 259 1925 364 §huod
1976 308 2188 367 magna
2226 351 2233 356 ,

233 385 367 446 pars
400 366 683 432 Dalmatae
707 367 1103 445 Pannoniique
1133 376 1322 439 erant,
1346 387 1479 444 quae
1507 367 1828 445 provinciae
1863 367 2190 445 Vespasia·
2252 396 2261 399 ’

233 468 307 514 no
324 450 693 521 tenebantur,
719 450 979 526 partibus
1019 449 1147 526 ejus
1170 449 1604 525 adgregaverat.
1689 447 1827 507 Nox
1855 449 2191 525 proditioni

232 531 443 601 electa,
467 537 550 604 ut,
589 533 803 590 ceteris
840 530 1075 606 ignariS,
1103 530 1215 588 soli
1253 530 1315 589 in
1361 528 1650 608 principia
1677 528 2017 589 defectores
2044 533 2182 592 coi-

230 617 382 672 rent.
467 610 679 671 Bassus
708 612 958 689 pudore‚
979 630 1082 669 seu
1103 618 1281 682 metu,
1312 611 1575 688 quisnam
1607 610 1799 668 exitus
1822 607 1998 681 foret,
2017 611 2186 673 intra

228 689 464 751 domum
505 694 946 771 opperiebatur.
1034 689 1387 776 Trierarchi
1407 710 1612 768 magno
1656 689 1923 756 tumultu·
1939 689 2181 754 Vitellii

225 772 503 848 imagines
546 774 843 842 invadunt,
874 779 955 843 et,
984 771 1179 847 paucis
1224 772 1618 832 resistentium
1658 771 2042 841 obtruncatis,
2067 794 2182 835 ce·

225 859 418 914 terum
438 856 663 931 vulgus,
693 872 893 913 rerum
942 870 1222 913 novarum
1267 852 1483 923 studio,
1521 853 1583 911 in
1611 850 2038 929 Vespasianum
2084 855 2181 918 in·
2226 911 2233 918 ,

224 931 492 1000 clinabat.
579 935 733 994 Tum
774 948 1123 1010 progressus
1162 932 1422 994 Lucilius
1479 940 1781 992 auctorem
1828 950 1938 1009 spe
1983 937 2180 1012 palam

223 1015 490 1093 praebetx
537 1016 737 1075 classis
782 1013 1129 1073 Cornelium
1158 1014 1412 1074 Fuscum
1441 1011 1795 1072 Praefectum
1836 1012 1949 1072 sibi
1989 1016 2175 1078 desti-

222 1102 337 1164 nat,
380 1094 480 1171 qui
528 1115 802 1175 propere,
841 1094 1194 1154 adcucurrit.
1304 1093 1512 1152 Bassus
1566 1093 1853 1154 honorata
1905 1096 2171 1155 custodia

220 1175 523 1235 liburnicis
543 1178 785 1238 navibus
808 1176 1091 1234 Hadriam
1111 1182 1454 1252 pervectuS,
1486 1183 1519 1232 a
1547 1172 1846 1233 Praefecto
1867 1174 2173 1237 alae-Men·

222 1257 319 1336 nio
340 1256 576 1330 Rufino,
599 1257 939 1337 praesidium
962 1257 1083 1315 illic
1112 1256 1381 1330 agitante,
1404 1254 1675 1314 vincitur.
1762 1253 1879 1313 Sed
1906 1259 2177 1317 exsoluta

223 1338 413 1406 statim
440 1339 695 1411 vincula,
740 1340 1074 1396 interventu
1117 1335 1349 1405 Hormi,
1374 1334 1628 1395 Caesaris
1656 1333 1898 1396 libertis
1936 1338 1986 1398 is
2023 1357 2170 1416 quo·

224 1418 520 1498 que-inter
547 1419 745 1479 Duces
774 1419 1117 1475 habebatur.

301 1498 469 1555 X111.
513 1499 588 1557 At
635 1497 896 1565 Caecina,
949 1494 1284 1555 defectione
1327 1495 1528 1554 elassis
1572 1496 1823 1573 vulgata,
1878 1496 2175 1572 primores

149 1603 153 1608 ·
223 1577 645 1640 Centurionum
670 1579 972 1654 et'paucos
1015 1575 1284 1643 militum,
1313 1576 1532 1634 ceteris
1562 1594 1673 1653 per
1701 1576 1929 1636 militiae
1970 1580 2176 1638 inune-

221 1679 286 1718 ra
306 1657 612 1735 dispersis„
632 1657 958 1716 secretiora
974 1663 1326 1726 castrorum,
1347 1654 1739 1734 adfectans,in
1754 1656 2050 1733 principia
2062 1678 2173 1719 vo·

218 1746 327 1800 cat.
354 1734 438 1821 (ε)
493 1739 582 1798 Ibi
598 1748 613 1774 ‘
637 1737 983 1815 Vespasiani
1003 1736 1279 1796 virtutem
1298 1736 1598 1814 viresque’
1623 1737 1875 1815 partium
1895 1738 2125 1814 extollit
2152 1762 2168 1800 z
2226 1789 2241 1794 s

220 1831 235 1854 ‘
265 1819 640 1897 transfugisse
666 1821 953 1882 classem:
1000 1819 1060 1877 in
1085 1824 1252 1880 arcto
1300 1824 1686 1878 commeatum
1714 1839 1728 1877 ε
1764 1815 1847 1897 (t)
1893 1818 2173 1882 adversus

183 1895 184 1902 '
218 1908 233 1935 ⁸
264 1900 484 1959 Gallias
513 1899 975 1977 Hispaniasque:
1022 1898 1167 1957 nihil
1189 1897 1251 1955 in
1279 1899 1428 1956 urbe
1458 1896 1638 1956 fidum
1664 1899 1704 1957 ε’
1751 1904 1926 1975 atque
1975 1900 2168 1960 omnia
2254 1957 2263 1968 ,

214 1982 290 2045 de
310 1975 556 2044 Vitellio
578 1981 636 2040 in
666 1980 945 2041 deterius.
1032 1966 1173 2039 Mo'x
1194 1977 1632 2056 incipientibus,
1659 1977 1759 2056 qui
1778 1977 2000 2053 conscii
2030 1981 2168 2041 ade-

216 2071 365 2137 rant,
393 2070 652 2133 ceteros„
682 2080 751 2121 re
774 2081 926 2120 nova
952 2060 1259 2130 adtonitos,
1283 2059 1342 2118 in
1372 2061 1556 2121 verba
1578 2058 1925 2136 Vespasiani
1950 2061 2127 2138 adigit
2148 2086 2173 2121 ε.
2264 2054 2277 2063 ”

217 2145 386 2207 simul
410 2144 637 2205 Vitellii
662 2143 943 2218 imagines
985 2141 1264 2220 direptae‚
1296 2148 1358 2200 et
1377 2141 1559 2212 missi,
1588 2141 1710 2218 qui,
1739 2140 1992 2201 Antonio
2025 2158 2167 2203 nun-

115 2250 122 2257 ·
216 2225 447 2285 tiarent.
495 2272 504 2281 ,
536 2225 673 2297 Sed,
704 2224 800 2285 ubi
827 2224 963 2284 totis
1003 2222 1209 2283 castris
1249 2218 1489 2282 insama
1528 2220 1807 2298 proditio,
1848 2239 2166 2284 recurrens

216 2310 275 2367 in
287 2306 586 2383 principia
607 2306 798 2374 miles,
828 2305 1243 2381 praescriptum
1266 2302 1364 2383 (u)
1385 2300 1730 2379 Vespasiani
1752 2318 1988 2374 nomen,
2029 2323 2168 2381 pro-

206 2388 397 2463 jectas
450 2386 677 2445 Vitellii
727 2383 949 2458 effigies
988 2383 1278 2460 adspexit,
1325 2390 1548 2442 vastum
1596 2382 1789 2460 primo
1844 2381 2164 2456 silentium,
2260 2410 2280 2425 κ

125 2484 132 2487 ⁴
216 2487 352 2547 mox
399 2474 609 2527 cuncta
653 2464 823 2523 simul
872 2471 1223 2540 erumpunt:
1273 2472 1288 2498 ‘
1320 2463 1454 2523 Huc
1497 2462 1786 2522 cecidisse
1826 2462 2166 2525 Germanici

218 2557 232 2580 ‘
264 2548 564 2609 exercitus
609 2543 986 2621 'gloriam,ut
1027 2545 1153 2602 sine
1200 2545 1438 2622 proelio,
1467 2544 1592 2602 sine
1643 2543 1914 2614 vulnere,
1941 2545 2167 2605 vinctas

218 2638 233 2663 ‘
263 2647 463 2691 manus
505 2633 567 2686 et
592 2632 757 2702 capta
805 2623 1106 2684 traderent
1126 2625 1334 2685 arma?
1423 2622 1611 2705 (Quas
1639 2622 1797 2682 enim
1820 2624 2162 2685 eit-diverso

216 2717 233 2742 ⁸
263 2709 525 2782 legiones
551 2706 575 2764 ’ἰ
617 2722 831 2781 nempe
859 2705 1074 2768 victasz
1122 2713 1181 2764 et
1205 2707 1413 2765 abesse
1443 2705 1676 2764 unicum
1707 2703 2024 2764 Othoniani
2052 2724 2159 2764 ex·

216 2797 233 2821 ⁸
264 2787 483 2847 ercitus
539 2787 745 2855 robur,
794 2785 1088 2860 prirnanos
1136 2785 1839 2862 quartadecimanosque3
1889 2803 2033 2864 quos
2074 2791 2159 2845 ta·

217 2877 234 2903 ‘
264 2885 421 2937 men,
444 2866 651 2924 iisdem
673 2866 787 2924 illis
831 2865 1071 2942 campis,
1103 2867 1359 2927 fuderint
1384 2865 1852 2946 straverintque)
1892 2873 1955 2924 ut
1977 2886 2162 2927 arma-

218 2957 234 2983 ⁸
263 2957 458 3009 torum
498 2946 707 3019 millia,
727 2949 892 3008 velut
918 2965 1064 3023 grex
1092 2948 1410 3016 venalium,
1445 2946 1636 3005 exsuli
1658 2947 1913 3005 Antonio
1935 2946 2030 3025 (v)
2055 2947 2163 3006 do-

219 3038 233 3062 ‘
266 3050 399 3090 num
417 3030 713 3099 darentur,
800 3027 953 3087 Octo
993 3026 1271 3086 nimirum
1307 3027 1568 3103 legiones
1616 3026 1785 3086 unius
1839 3027 2039 3086 classis
2068 3043 2162 3087 ac·

218 3120 233 3143 ‘
266 3112 591 3171 cessionem
612 3104 767 3168 sore.
855 3109 922 3167 Id
947 3107 1152 3186 Bass0,
1190 3108 1249 3165 id
1297 3107 1555 3166 Caecinae
1584 3106 1806 3179 visum:
1855 3113 2163 3185 postquam

217 3200 234 3224 ⁸
264 3191 489 3262 domOS,
512 3193 738 3263 hortos,
767 3209 937 3267 opes,
979 3189 1246 3264 Principi
1275 3186 1640 3257 abstulerint,
1680 3187 1859 3245 etiam
1898 3186 2164 3265 Principi

218 3268 781 3355 ‘'aufer-rimilitem:
827 3268 1086 3346 integros
1117 3270 1596 3345 incruentosque,
1619 3266 1912 3341 Flavianis
1926 3287 2164 3348 quoque

193 3408 199 3414 ⁴
247 3402 308 3498 ’.ε
342 3430 458 3479 The
475 3429 669 3490 partos
680 3430 767 3503 tbe
785 3440 936 3490 *camp
963 3430 1127 3478 called
1149 3429 1442 3496 Principia,
1456 3441 1561 3476 was
1582 3427 1670 3477 the
1691 3428 1840 3499 place
1867 3428 2044 3515 where
2066 3429 2168 3478 the·

216 3493 902 3621 eaglffistvgegpoclcipnozffissm.
973 3561 1014 3607 A
1040 3559 1254 3622 scarcity
1270 3560 1329 3610 of
1334 3556 1624 3624 provisions.
1729 3562 1741 3573 “

279 3645 318 3679 ιι
350 3627 720 3688 Prason-aptum,
743 3628 779 3673 i.
806 3641 847 3673 e.
865 3638 929 3673 on
950 3624 1086 3672 their
1106 3625 1321 3675 colours.

281 3711 311 3743 v
333 3694 532 3746 'Ex-suli
551 3690 792 3743 Antonio.
865 3690 960 3739 See
981 3691 1115 3742 Ana.
1133 3689 1246 3740 xiv·
1265 3693 1348 3742 40.
