2459 4075
275 136 389 192 112
733 119 738 128 ’
868 126 942 187 c,
987 125 1238 187 CORN.
1283 124 1594 216 ΤΑοιΤι.
1799 150 1859 190 Α.
1891 149 1952 190 υ.
1982 150 2038 190 c.
2066 129 2207 193 822.

266 286 477 358 sponte
503 272 738 335 Antonii
763 280 1167 353 properatum,
1194 281 1258 335 et
1278 273 1436 346 fore,
1464 294 1599 353 quae
1622 274 1976 349 acciderant,
2026 280 2200 339 reba·

267 369 405 422 tur.=
472 351 749 418 H‘ortatns
795 374 955 426 suos,
985 362 1001 389 ‘
1051 363 1116 415 ut
1161 375 1369 432 magno
1417 355 1607 415 animo
1635 364 2017 435 capesserent
2053 377 2201 436 pug-

271 449 288 477 ‘
317 440 506 509 nam,’f
540 436 787 496 diductis
824 435 883 495 in
910 437 1096 496 latera
1135 435 1361 507 turmis,
1405 454 1652 495 vacuum
1678 433 1870 500 medio
1918 438 2207 517 relinquit

268 523 406 593 iter,
456 537 570 597 quo
599 516 819 596 Varum
847 515 1204 595 equitesque.
1237 516 1368 593 ejus
1391 517 1732 595 reciperet:
1766 517 1971 595 jussae,
1993 520 2210 578 armari

271 602 532 680 legiones
560 620 575 657 ε
619 598 813 658 datum
840 616 954 675 per
989 616 1156 674 agros
1183 598 1430 675 signum,
1473 605 1560 669 ut,
1606 617 1719 675 qua
1741 598 1957 677 cuique
1999 600 2206 678 proxi-

267 701 449 752 mum,
494 676 706 740 omissa
748 677 972 757 praeda,
1019 677 1233 757 proelio
1276 686 1681 739 occurrerent.
1768 677 2015 739 Pavidus
2054 681 2206 741 inte-

270 765 382 824 rim
405 763 617 828 Varus,
644 760 835 818 turbo
856 777 1095 818 suorum
1129 759 1432 827 miscetur,
1459 759 1769 837 intulitque
1791 757 2203 822 formidinem:

271 844 425 925 pulsi
451 860 583 901 cum
603 839 813 899 sauciis
840 838 1077 917 integri,
1110 838 1453 917 suometipsi
1492 846 1656 899 metu
1680 846 1747 899 et
1785 841 2063 918 angustiis
2082 841 2205 902 via·

270 943 401 986 rum
426 919 923 982 conflictabantur.
2131 929 2141 944 ¹

348 1002 549 1064 XVII.
592 1000 857 1071 Nullum,
884 997 945 1058 in
970 998 1075 1058 illa
1099 997 1513 1078 trepidatione,
1564 998 1854 1059 Antonius
1888 1002 2204 1062 constantis

261 1084 455 1154 ducis,
482 1089 584 1143 aut
604 1079 902 1142 fortissimi
928 1079 1147 1151 militis,
1189 1078 1447 1139 officium
1472 1079 1703 1141 omisit:
1750 1098 2066 1142 occursare
2099 1095 2203 1159 pai-

266 1166 575 1237 ventibus3
619 1161 882 1223 retinere
934 1160 1215 1222 cedentes
1242 1183 1257 1219 ε
1304 1160 1405 1220 ubi
1458 1158 1746 1239 plurimus
1809 1161 1996 1232 labor,
2051 1163 2204 1222 unde

265 1246 460 1326 aliqua
484 1263 656 1322 spes3
700 1241 968 1318 consilio,
999 1260 1190 1312 manu,
1211 1260 1364 1301 voce
1385 1240 1621 1318 insignis
1649 1241 1827 1312 hosti,
1846 1233 2197 1322 conspicuus

266 1329 388 1388 suis
409 1350 442 1387 :⁷
470 1341 545 1386 eo
565 1330 864 1404 postremo
891 1320 1116 1381 ardoris
1152 1328 1469 1399 provectus
1506 1328 1620 1392 est,
1641 1328 1706 1382 ut
1723 1321 2095 1384 vexillarium
2114 1322 2207 1383 fu·

263 1408 523 1485 gientem
561 1407 725 1465 hasta
766 1402 1313 1463 transverberaret:
1359 1420 1495 1461 mox
1542 1409 1772 1481 raptum
1814 1404 2094 1464 vexillum
2143 1404 2204 1464 in

265 1489 495 1547 hostem
545 1484 766 1544 vertit:
829 1499 943 1561 quo
991 1481 1218 1559 pudore
1269 1482 1422 1540 haud
1469 1482 1694 1559 plures,
1748 1502 1920 1561 quam
1965 1493 2207 1545 centum

264 1567 517 1645 equites,
544 1564 840 1624 restitere.
923 1560 960 1616 J
963 1561 1091 1620 uvit
1113 1562 1303 1633 locus,
1332 1562 1587 1624 arctiore
1634 1563 1756 1622 illic
1783 1562 1899 1635 via,
1927 1571 1993 1623 et
2015 1563 2207 1625 fracto

264 1644 652 1708 interfluentis
681 1642 794 1702 rivi
824 1638 926 1725 (a)
950 1650 1151 1718 ponte,
1181 1643 1283 1720 qui
1310 1642 1537 1702 incerto
1559 1645 1753 1713 alveo,
1780 1651 1842 1703 et
1876 1645 2205 1724 precipiti·

262 1731 374 1789 hus
402 1725 569 1806 ripis,
620 1722 812 1802 sugam
852 1720 1223 1800 inpediebat:
1286 1741 1359 1781 ea
1403 1724 1743 1794 necessitas,
1791 1741 1900 1784 seu
1944 1723 2200 1799 fortuna,

245 1811 456 1887 ..lapsas
488 1806 611 1883 jam
639 1811 837 1884 partes
864 1803 1134 1863 restituit.
1220 1802 1461 1862 Firmati
1498 1803 1655 1863 inter
1679 1823 1779 1876 se,
1802 1804 1998 1868 densis
2043 1806 2201 1867 ordi·

261 1888 433 1950 nibus
460 1885 761 1962 excipiunt
787 1881 1134 1943 Vitellianos
1176 1892 1405 1943 temere
1434 1882 1648 1960 effusos
1677 1907 1690 1942 :
1738 1890 1909 1962 atque
1951 1886 2038 1945 illi
2065 1904 2207 1952 con·

263 1973 618 2032 sternantur.
700 1963 983 2024 Antonius
1005 1963 1248 2023 instare
1291 1964 1601 2043 perculsis,
1649 1972 1922 2026 sternere
1967 1967 2199 2028 obvios.

264 2050 449 2111 Simul
475 2046 687 2117 ceteri,
729 2054 795 2108 ut
816 2045 1033 2125 cuique
1059 2045 1377 2122 ingenium,
1425 2045 1703 2123 spoliare,
1751 2065 1991 2124 capere,
2043 2067 2205 2111 arma

262 2148 567 2211 equosque
608 2127 924 2205 abriperet
966 2133 1027 2185 et
1052 2126 1233 2187 exciti
1260 2144 1550 2205 prospero
1573 2126 1855 2198 clamore,
1898 2128 1998 2205 qui
2024 2129 2201 2191 modo

263 2232 378 2292 per
393 2229 564 2288 agros
589 2205 724 2286 fuga
742 2207 1105 2286 palabantur,
1123 2207 1394 2268 victoriae
1420 2226 1487 2267 se
1514 2205 1857 2266 miscebant.

343 2289 567 2351 XVIII.
612 2289 703 2348 Ad
743 2298 1009 2367 quartum
1051 2307 1086 2347 a
1120 2286 1416 2346 Cremona
1439 2286 1702 2366 >lapidem
1745 2285 1973 2362 fulsere
1996 2289 2199 2366 -legio-

262 2391 402 2434 num
423 2370 607 2447 signa,
636 2366 885 2445 Rapacis
913 2374 1086 2443 atque
1113 2366 1357 2437 Italicae,
1383 2366 1475 2446 (b)
1503 2368 1641 2428 laeto
1661 2366 1818 2426 inter
1844 2368 2007 2428 initia
2030 2369 2198 2447 equi·

262 2460 383 2514 tum
409 2467 649 2510 suorum
668 2446 906 2524 proeli0,
927 2446 1067 2506 illuc
1087 2464 1275 2523 usque
1302 2456 1608 2524 provecta.
1693 2446 1831 2519 Sed,
1854 2449 1955 2507 ubi
1981 2448 2203 2510 Fortu·

262 2553 335 2593 na
360 2540 564 2591 contra
586 2525 853 2597 fuit,non
894 2526 1093 2586 laxare
1129 2526 1389 2598 ordines,
1431 2546 1545 2586 non
1590 2527 1868 2606 recipere
1892 2529 2195 2602 sufflatos,

262 2631 379 2672 non
396 2609 625 2668 obviam
660 2607 772 2676 ire,
801 2607 1074 2684 ultroque
1103 2606 1338 2685 adgredi
1370 2608 1626 2680 hostem,
1669 2615 1889 2671 tantum
1925 2627 2040 2686 per
2063 2628 2195 2688 spa·
2310 2661 2314 2666 .

225 2704 228 2709 ·
262 2693 399 2751 tium
427 2707 605 2748 cursu
633 2695 695 2747 et
720 2685 1025 2764 pugnando
1052 2686 1290 2747 fessum.
1377 2688 1557 2748 Forte
1585 2688 1749 2759 victi,
1783 2686 1872 2771 (c)
1901 2688 2053 2748 haud
2082 2709 2193 2767 pe·

261 2768 428 2830 rinde
451 2769 627 2842 rebus
655 2767 957 2846 prosperis
985 2766 1194 2826 ducem
1236 2767 1734 2840 desideraverant,
1779 2777 1951 2847 atque
1990 2770 2050 2828 in
2093 2769 2192 2829 ad-

259 2848 449 2911 versis
475 2846 687 2907 deesse
715 2847 1130 2923 intelligebant.
1216 2846 1532 2908 Nutantem
1561 2849 1746 2908 aciem
1795 2850 1989 2909 victor
2024 2869 2059 2909 e
2102 2849 2193 2909 ui·

219 2924 228 2931 ’
258 2938 407 2992 tatus
427 2930 684 2988 incursat
709 2950 723 2986 :
769 2934 830 2988 et
856 2927 1194 3007 Vipstanius
1220 2926 1494 3001 Messala,
1518 2927 1850 3002 Tribunus,
1877 2949 2012 2990 cum
2106 2950 2191 2991 oe·

233 3149 362 3198 -tion
382 3149 439 3199 os
457 3147 702 3212 Mul-phy.
769 3148 1009 3211 Ernestus
1029 3160 1268 3210 supposes
1307 3148 1397 3196 the
1433 3151 1662 3197 sentence
1697 3151 1750 3195 to
1780 3161 1954 3209 mean3
2013 3144 2189 3201 Those

257 3215 377 3264 who
395 3228 532 3262 were
546 3215 780 3265 foremost
793 3214 845 3263 in
865 3216 956 3264 the
975 3213 1177 3276 pursuit
1194 3214 1341 3262 were
1354 3213 1442 3262 the
1462 3213 1570 3263 first
1587 3218 1642 3261 to
1664 3212 1749 3275 fly.

291 3342 298 3345 .
324 3296 357 3330 a
391 3279 505 3328 The
520 3280 657 3330 river
690 3295 807 3329 now
826 3279 989 3329 called
1020 3277 1299 3339 Dermona,
1318 3279 1489 3328 which
1520 3279 1562 3327 is
1582 3279 1634 3328 in
1658 3278 1836 3330 Gallia
1869 3279 2193 3347 Τνωυραᾰα-

239 3360 329 3411 'm
345 3363 364 3402 ,-
397 3344 442 3392 it
459 3358 579 3393 runs
599 3345 706 3394 into
719 3348 807 3394 the
831 3346 995 3410 Ogtio.
1011 3345 1109 3393 and
1124 3346 1348 3410 through
1367 3346 1480 3395 that
1498 3346 1711 3394 channel
1730 3344 1838 3393 into
1857 3346 1946 3395 the
1963 3347 2055 3397 Po.

321 3412 350 3460 b
385 3408 500 3458 The
524 3410 847 3472 twenty-first
864 3409 1048 3472 legion,
1062 3412 1225 3461 called
1248 3411 1452 3487 Rapax,
1480 3411 1579 3460 and
1598 3410 1685 3460 the
1705 3411 1814 3461 first
1831 3413 2001 3462 called
2024 3413 2190 3472 Italic,

255 3473 433 3539 fought
446 3489 510 3523 on
525 3473 611 3522 the
632 3474 739 3523 side
760 3474 818 3524 os
830 3474 1079 3524 Vitellius.
1149 3477 1245 3526 See
1267 3474 1400 3527 Hist.
1422 3477 1477 3526 ii.
1500 3493 1538 3526 s.
1566 3478 1677 3541 100.

320 3557 346 3591 c
379 3538 525 3589 Forte
545 3542 680 3589 victi.
746 3540 863 3588 The
904 3544 1016 3588 text
1046 3539 1171 3588 here
1190 3557 1350 3593 seems
1385 3547 1618 3604 corruptz
1653 3542 1729 3592 sor
1760 3542 1886 3606 they
1927 3558 2068 3592 were
2101 3548 2192 3593 not

254 3610 343 3669 yet
361 3604 661 3667 conquered.
729 3603 1097 3653 Freinshemius
1124 3620 1361 3673 supposes
1391 3608 1434 3659 it
1452 3607 1633 3659 should
1652 3607 1719 3657 be
1754 3608 1880 3659 read
1901 3611 2038 3677 soree
2058 3612 2185 3673 acti,

254 3676 292 3723 i.
313 3688 354 3724 e.
374 3670 560 3736 rashly,
579 3669 799 3721 without
818 3669 1176 3723 deliberation.
