2459 4075
267 182 320 221 s.
351 181 408 224 e.
442 169 538 223 70.
721 160 1048 221 Hls'ron.
1092 160 1246 224 LlB.
1290 160 1701 235 QUARTUS.
2077 159 2185 221 1717

276 326 403 385 nus,
423 315 486 369 ut
509 327 677 386 spem
695 316 939 387 caperet
964 307 1296 378 Helvidium,
1329 307 1414 388 (s)
1439 326 1613 386 posse
1641 309 1813 366 etiam
1845 304 2194 368 Marcellum

277 389 591 464 prosterni.
677 390 860 465 Igitur
887 389 1113 450 alaude
1143 388 1342 447 Cluvii
1380 388 1513 447 Rufi
1550 407 1740 458 orsus,
1785 388 1906 465 qui,
1945 388 2193 465 perinde

273 467 437 527 dives
471 476 531 528 et
553 471 887 547 eloquentia
920 470 1133 539 clarus,
1162 468 1305 526 nulli
1333 486 1600 545 umquam
1628 470 1737 525 sub
1768 464 2013 525 Nerone
2041 468 2198 543 peri·

276 549 466 607 culum
484 548 835 621 lacessisset,
859 549 1102 607 crimine
1131 547 1302 607 simul
1331 549 1725 625 exemploque
1753 546 1997 625 Eprium
2023 567 2194 623 urge-
2265 575 2268 578 ·

274 628 401 686 bat:
448 629 778 690 ardentibus
808 629 1043 696 Patrum
1070 629 1270 686 animis
1295 650 1308 687 :
1356 628 1512 705 quod
1540 628 1635 686 ubi
1654 626 1835 686 sensit
1854 626 2195 697 Marcellus,

273 708 439 766 velut
462 709 755 767 excedens
781 706 942 766 curia
967 725 984 765 τ
1029 714 1045 741 ‘
1070 708 1271 779 lmuS,’
1301 706 1505 784 inquit,
1536 714 1553 740 ‘
1581 706 1811 777 Prisce,
1833 713 1900 765 et
1915 707 2194 785 relinqui-

275 793 292 821 ⁸
321 806 446 846 mus
474 789 578 848 tibi
598 789 877 848 Senatum
911 795 1106 846 tuum:
1152 806 1351 862 regna,
1389 794 1690 865 praesente
1717 786 2004 846 Caesare.’
2088 788 2193 845 Se·

274 868 564 943 quebatur
623 867 831 928 Vibius
876 866 1161 944 Crispus:
1234 867 1404 924 ambo
1447 865 1658 926 infensi
1703 867 1868 925 vultu
1936 866 2193 926 diverso.

270 944 588 1006 Marcellus
615 947 934 1007 minacibus
973 945 1182 1015 oculiffi
1226 944 1473 1021 Crispus
1510 945 1784 1005 renidens
1808 968 1828 1014 ε,
1868 946 2058 1005 donec
2096 949 2193 1006 ad..

264 1043 446 1085 cursu
475 1027 790 1085 amicorum
822 1026 1288 1088 retraherentur.
1372 1023 1524 1083 Cum
1560 1025 1840 1101 glisceret
1873 1033 2195 1098 certamen,

273 1104 410 1164 hinc
431 1105 591 1165 multi
618 1106 893 1180 bonique,
921 1105 1055 1164 inde
1095 1104 1267 1182 pauci
1304 1110 1365 1161 et
1392 1104 1587 1173 validi,
1620 1104 2012 1180 pertinacibus
2048 1107 2194 1166 odiis

275 1185 607 1254 tenderent,
635 1192 1009 1262 consumptus
1037 1202 1149 1261 per
1175 1183 1524 1256 discordiam
1550 1182 1696 1241 dies.

346 1262 573 1322 XLIV.
617 1262 891 1324 Proximo
913 1266 1150 1332 Senatu,
1177 1263 1492 1324 inchoante
1521 1261 1783 1332 Coesare,
1815 1269 1831 1296 ‘
1854 1262 1929 1321 de
1958 1263 2193 1323 abolen-

277 1341 390 1401 ‘do
418 1344 623 1420 dolore
669 1346 898 1420 iraque,
939 1351 999 1403 et
1025 1343 1292 1421 priorum
1338 1348 1669 1418 temporum
1708 1341 2193 1414 necessitatibus,’

273 1422 501 1482 censuit
541 1422 842 1482 Mucianus
885 1423 1119 1500 prolixe
1161 1441 1274 1500 pro
1310 1420 1745 1481 adcusatoribus
1775 1441 1790 1478 z
1850 1421 2021 1482 simul
2071 1441 2196 1495 eos,

276 1501 373 1578 qui
401 1510 672 1580 coeptam,
716 1502 850 1560 dein
897 1504 1186 1572 omissam,
1244 1502 1527 1561 actionem
1556 1507 1921 1576 repeterent,
1975 1504 2195 1562 monuit

264 1599 546 1644 xsermone
589 1581 753 1641 m‘olli
791 1588 853 1640 et
883 1591 1175 1659 tamquam
1218 1588 1471 1657 rogaret.
1529 1580 1763 1639 Patres
1790 1589 2098 1659 coeptatam
2125 1583 2195 1642 li·

271 1661 578 1733 bertatem,
606 1669 911 1739 postquam
937 1662 1166 1721 obviam
1215 1661 1377 1730 itum,
1406 1660 1680 1719 omisere.
1764 1658 2088 1733 Mucianus,
2115 1683 2192 1723 ne

269 1740 470 1817 sperni
508 1742 751 1801 Senatus
782 1741 1088 1820 judicium,
1137 1749 1199 1800 et
1223 1740 1444 1801 cunctis
1485 1741 1595 1799 sub
1641 1740 1887 1799 Nerone
1935 1743 2192 1801 admissis

268 1821 398 1880 data
414 1821 701 1899 inpunitas
720 1822 1047 1892 videretur,
1070 1821 1380 1880 Octavium
1397 1820 1665 1897 Sagittam
1689 1816 1768 1898 (t)
1799 1825 1862 1878 et
1886 1822 2193 1881 Antistium

194 1913 202 1920 ·
268 1900 589 1972 Sosianum,
623 1901 908 1961 Senatorii
935 1901 1175 1971 ordinis,
1205 1917 1473 1976 egressos
1516 1899 1809 1970 exsilium,
1852 1900 1910 1958 in
1955 1903 2214 1966 easdem-

258 1979 476 2041 insulas
503 1981 749 2057 redegit.
834 1981 1111 2042 Octavius
1140 1980 1402 2040 Pontiam
1430 1978 1801 2051 Postumiam,
1828 1986 2031 2058 stupro
2053 2002 2188 2060 cog·

261 2061 438 2121 nitam
465 2070 526 2120 et
543 2063 771 2138 nuptias
802 2079 935 2119 suas
960 2063 1330 2131 abnuentem,
1351 2060 1620 2136 inpotens
1635 2059 1854 2119 'amoris
1875 2059 2189 2120 intersece-

263 2149 387 2214 rat;
447 2142 716 2199 Sosianus
766 2140 1052 2217 pravitate
1088 2158 1324 2198 morum
1374 2140 1569 2197 multis
1606 2138 1904 2198 exitiosus.
2003 2142 2189 2199 Ambo

262 2220 427 2297 gravi
461 2220 965 2281 Senatuscohsulto
994 2219 1262 2278 damnati
1299 2217 1592 2296 pulsique,
1618 2217 1877 2295 quamvis
1910 2236 2194 2280 concesso

266 2300 394 2358 aliis
416 2300 630 2370 reditu,
670 2301 733 2360 in
760 2298 1165 2378 eadem-poena
1190 2298 1404 2357 retenti
1442 2304 1590 2356 sunt.
1674 2295 1807 2356 Nec
1844 2298 1977 2357 ideo
2013 2300 2192 2360 lenita

212 2414 220 2425 ·
266 2379 762 2455 erga·Mucianum
791 2379 1045 2447 invidia.—
1110 2379 1346 2456 Quippe
1375 2377 1649 2439 Sosianus
1689 2396 1755 2436 ac
1785 2377 1997 2455 Sagitta
2016 2380 2188 2451 viles,

264 2460 439 2518 etiam
482 2459 532 2519 si
580 2456 1061 2521 reverterentur:
1126 2459 1532 2517 adcusatorum
1574 2456 1805 2535 ingenia
1842 2464 1905 2517 et
1944 2477 2090 2536 opes
2128 2467 2189 2520 et

268 2540 530 2600 exercita
555 2540 720 2599 malis
749 2539 968 2598 artibus
994 2539 1255 2617 potentia
1271 2538 1642 2596 timebantur.

344 2618 525 2677 XLV.
572 2618 1000 2682 Reconciliavit
1032 2618 1353 2697 paullisper
1397 2617 1582 2676 studia
1616 2615 1850 2676 Patrum
1898 2617 2092 2679 habita
2126 2619 2189 2680 in

265 2698 477 2762 Senatu
505 2700 755 2777 cognitio
786 2699 1098 2758 secundum
1135 2706 1405 2757 veterem
1445 2715 1691 2755 morem.
1791 2696 2040 2759 Manlius
2078 2698 2186 2761 Pa-

265 2782 499 2849 truitus,
522 2781 787 2850 Senator,
817 2786 834 2813 ‘
858 2779 1145 2854 pulsatum
1189 2797 1258 2837 se
1283 2777 1343 2836 in
1370 2772 1598 2836 csslonia
1624 2777 1868 2859 Senensi
1904 2777 2003 2859 (a)
2029 2788 2188 2842 coetu

267 2866 284 2892 ‘
315 2859 688 2920 multitudinis
726 2867 809 2918 et·
823 2857 992 2934 jussu
1027 2856 1508 2934 Magistratuum,’
1565 2859 1959 2934 querebatur:
2005 2865 2035 2909 -‘
2074 2880 2187 2921 nec

266 2946 284 2972 ‘
314 2941 493 2999 finem
523 2939 750 3018 iujuriae
788 2939 885 2996 hic
911 2936 1175 2999 stetisse:
1220 2936 1513 3013 planctum
1533 2942 1594 2994 et
1629 2937 1881 2996 lamenta
1901 2944 1962 2995 et
1981 2955 2186 3015 supre⁸

265 3025 283 3051 ‘
312 3038 542 3079 morum
563 3019 867 3097 imaginem
904 3015 1183 3093 praesenti
1214 3016 1325 3074 sibi
1352 3014 1704 3072 circumdata
1727 3033 1859 3073 cum
1888 3023 2183 3078 contume-

263 3106 279 3133 ‘
308 3099 402 3159 liis
441 3107 502 3160 et
541 3099 795 3177 probris,
840 3115 972 3174 quae
1013 3095 1076 3154 in
1112 3096 1384 3153 Senatum
1436 3093 1767 3152 universum
1792 3091 2181 3170 jacerentur.¹'

266 3180 498 3251 Vocati,
541 3180 639 3258 qui
665 3178 1064 3256 arguebantur.
1156 3175 1253 3244 Et,
1282 3171 1509 3248 cognita
1545 3188 1762 3243 caussa,
1790 3173 1851 3232 in
1886 3178 2183 3239 convictos

259 3259 633 3321 vindicatum.
715 3257 1097 3333 Additamque
1114 3252 1693 3324 senatusconsultum,
1715 3270 1830 3330 quo
1844 3254 2183 3320 Senensium

332 3494 358 3528 s
388 3475 674 3528 Helvidim.
737 3475 834 3526 See
853 3474 1118 3527 thisbook.
1137 3489 1176 3525 s.
1196 3472 1229 3525 5
1247 3469 1344 3522 and
1363 3473 1413 3523 6.

338 3552 358 3596 t
391 3542 507 3594 The
523 3540 746 3599 murder,
764 3542 1054 3593 committed
1071 3540 1143 3603 by
1164 3538 1407 3590 Octavius
1448 3537 1664 3592 Sabinus
1680 3538 1895 3609 Sagittm·
1922 3539 1965 3592 is
1990 3537 2181 3591 related

270 3624 417 3661 more
429 3608 578 3671 sully,
597 3607 802 3666 Annals,
817 3609 986 3658 xiii.‚s.
1007 3611 1090 3658 44.

339 3684 377 3727 ἀ
411 3674 645 3726 Senensis
662 3671 890 3732 Colonia.
910 3688 1027 3724 now
1047 3669 1314 3729 Sienna‚in
1332 3668 1596 3747 Tuscany.
