2459 4075
250 151 321 226 ¹3
344 181 369 204 ,
779 130 787 135 ’
836 131 907 201 C.
952 142 1195 203 CORN.
1244 144 1559 205 TACITI.
1751 171 1808 208 Α.
1840 173 1898 210 u.
1930 171 1984 211 c.
2017 159 2152 214 820.

244 296 259 322 ‘
287 287 382 345 liae'
413 288 573 364 quasi
609 288 900 350 hereditas
929 289 1175 349 fuimus:
1221 291 1355 349 loco
1376 291 1659 351 libertatis
1684 294 1817 365 erit,
1849 298 2004 373 quod
2024 299 2161 373 eligi

238 374 255 405 ⁶
277 366 578 443 coepimus.
665 367 760 436 Et,
789 367 946 426 finita
979 369 1015 424 J
1021 370 1273 428 uliorum
1305 370 1801 449 Claudiorumque
1829 375 2022 444 domo,
2052 396 2159 452 op-

238 454 254 480 ‘
285 445 487 504 timum
508 465 803 523 quemque
816 447 1048 524 adoptio
1067 449 1347 508 inveniet.
1432 449 1581 508 Nam
1600 455 1875 525 generari
1912 461 1973 512 et
1997 456 2156 512 nasci

239 534 255 557 ⁶
285 544 320 583 a
347 522 737 601 Principibus,
775 525 1096 597 fortuitum,
1123 547 1236 587 nec
1277 531 1427 588 ultra
1455 532 1805 590 aestimatur:
1852 534 2158 610 adoptandi

239 612 256 636 ‘
277 597 562 679 judiciu'm
600 606 923 679 integrum3
979 615 1059 676 et,
1103 608 1151 665 si
1189 609 1337 667 velis
1384 609 1629 683 eligere,
1668 630 1957 670 consensu
1993 631 2155 671 mon-

238 691 253 715 ‘
283 689 515 741 stratur.
545 683 637 764 (o)
718 685 803 744 Sit
831 693 962 745 ante
991 688 1191 745 oculos
1215 686 1403 757 Nem,
1427 707 1623 764 quem,
1652 690 1821 765 longa
1858 691 2162 749 Caesarum

237 768 253 795 ‘
282 761 442 819 serie
462 769 801 834 tumentem,
845 785 960 823 non
997 765 1229 824 Vindex
1277 779 1410 825 cum
1449 768 1656 826 inermi
1686 771 2010 845 provincia,
2060 764 2192 828 aut⁴

237 848 253 873 ‘
284 859 393 915 ego
420 858 553 899 cum
588 863 702 902 una
726 844 980 918 legione,
1012 835 1249 930 se*
1268 846 1585 916 inmanitas,
1625 867 1728 905 sua
1752 850 2002 919 luxuria,
2024 869 2159 907 cer-

238 926 252 951 ‘
283 919 509 979 vicibus
561 923 809 998 publicis
849 923 1183 1001 ,depulerez
1242 945 1435 1000 neque
1491 934 1618 984 erat
1670 926 1855 985 adhuc
1907 929 2158 988 damnati

239 1005 253 1032 ‘
287 998 573 1091 Principis
605 1003 960 1078 exemplum.
988 1004 1090 1083 (p)
1172 1005 1296 1061 Nos
1325 1006 1483 1063 bello
1531 1013 1593 1063 et
1632 1007 1701 1061 ab
1746 1007 2162 1066 aestimantibus
2259 1030 2266 1035 ·

239 1085 253 1109 ‘
282 1078 508 1149 adsciti,
531 1099 664 1138 cum
700 1082 932 1152 invidia,
971 1083 1230 1158 quamvis
1255 1084 1496 1158 egregii,
1526 1084 1764 1141 erimus.
1848 1085 1941 1143 Ne
1964 1093 2159 1144 tamen

239 1166 253 1191 ‘
285 1160 526 1217 territus
553 1159 758 1230 fueris,
786 1161 835 1218 si
862 1160 994 1220 duae
1016 1161 1276 1236 legiones
1304 1163 1363 1220 in
1391 1163 1505 1222 hoc
1526 1163 1792 1222 concussi
1815 1165 1974 1222 orbis
2005 1172 2166 1222 motu

236 1243 254 1268 ⁶
282 1238 536 1318 nondum
579 1241 902 1316 quiescunt.
988 1241 1082 1299 Ne
1123 1242 1253 1317 ipse
1292 1241 1527 1317 quidem
1569 1241 1640 1299 ad
1666 1261 1900 1301 securas
1929 1263 2027 1301 res
2060 1263 2156 1301 ac-

239 1323 254 1349 ‘
284 1318 474 1376 cessi:
522 1326 603 1387 et,
634 1318 830 1375 audita
860 1319 1189 1395 adoptione,
1227 1321 1485 1378 desinam
1522 1321 1705 1378 videri
1730 1340 1913 1379 senex
1940 1343 1954 1391 ;
2001 1321 2157 1396 quod

239 1403 252 1426 ‘
285 1415 436 1453 nunc
455 1396 601 1454 mihi
629 1415 806 1454 unum
827 1398 1117 1473 objicitur.
1205 1398 1371 1455 Nero
1400 1418 1434 1454 a
1459 1397 1712 1472 pessimo
1741 1418 1974 1475 quoque
2002 1419 2153 1464 sem-

240 1482 254 1506 ‘
286 1492 398 1549 per
422 1476 885 1534 desiderabitur:
931 1477 1072 1535 mihi
1090 1495 1156 1534 ae
1177 1477 1284 1534 tibi
1304 1475 1728 1552 providendum
1756 1485 1865 1559 est,
1880 1497 1952 1535 ne
1983 1471 2159 1536 etiam

238 1561 252 1585 ‘
284 1574 319 1611 a
352 1554 518 1613 bonis
559 1554 945 1614 desideretur.
1045 1556 1295 1614 Monere
1353 1555 1587 1626 diutius,
1636 1575 1830 1633 neque
1876 1556 2161 1632 temporis

239 1641 254 1665 ⁶
285 1632 494 1713 hujus3
540 1643 601 1693 et
636 1635 919 1709 inpletum
945 1642 1035 1692 est
1071 1654 1244 1692 omne
1270 1636 1594 1704 consilium,
1639 1635 1687 1692 si
1716 1642 1773 1691 te
1801 1637 1952 1693 bene
1983 1636 2159 1711 elegi.

242 1721 256 1745 ‘
288 1713 758 1788 Utilissimusque
779 1712 937 1771 idem
963 1733 1027 1771 ac
1055 1715 1435 1792 brevissimus
1462 1716 1747 1772 bonarum
1767 1716 2164 1789 malarumque

240 1801 257 1826 ⁶
287 1812 488 1851 rerum
524 1793 786 1850 delectus
825 1799 936 1860 est,
980 1793 1261 1867 cogitare,
1308 1794 1445 1869 quid
1482 1800 1578 1851 aut
1621 1793 1877 1851 volueris
1905 1794 2011 1851 sub
2049 1793 2180 1850 alio‘

240 1881 253 1904 ⁶
286 1870 586 1946 Principe,
630 1878 726 1928 aut
772 1870 1050 1929 nolueris.
1137 1870 1351 1947 Neque
1400 1872 1556 1930 enim
1604 1873 1820 1939 hic,..ut
1859 1873 1917 1928 in
1945 1872 2160 1929 ceteris

137 1956 141 1960 ’
239 1958 254 1984 ‘
285 1949 574 2025 gentibus,
620 1970 751 2025 quae
775 1958 1108 2023 regnantur,
1143 1958 1305 2009 certa
1332 1951 1695 2008 dominorum
1724 1950 1947 2018 domus,
1977 1958 2036 2007 et
2062 1968 2160 2007 ce-

239 2038 253 2064 ‘
285 2030 398 2088 teri
426 2029 624 2088 servi:
670 2029 773 2089 sed
809 2029 1203 2106 imperaturus
1238 2050 1301 2088 es
1329 2029 1678 2098 hominibus,
1708 2030 1806 2105 qui
1849 2048 1958 2087 nec
1986 2036 2164 2087 totam

241 2118 254 2142 ⁶
284 2110 627 2168 servitutem
650 2109 767 2186 pati
790 2118 1052 2185 possunt,
1083 2128 1194 2168 nec
1213 2117 1390 2169 totam
1417 2110 1790 2167 libertatem.’
1875 2107 1951 2164 Et
1970 2108 2164 2163 Galba

240 2188 473 2268 quidem
501 2190 646 2248 haec
685 2209 752 2247 ac
791 2189 945 2259 talia,
983 2197 1274 2266 tamquam
1310 2189 1643 2263 Principem
1669 2187 1931 2259 faceret3
1976 2185 2166 2264 ceteri

238 2277 526 2344 tamquam
554 2289 685 2328 cum
713 2268 865 2327 facto
892 2270 1303 2342 loquebantur.
1987 2336 1998 2350 ι

314 2347 509 2404 XVII.
556 2348 848 2412 Pisonem,
878 2345 1094 2412 ferunt,
1132 2344 1321 2400 statim
1350 2344 1724 2410 intuentibuS‚
1755 2350 1815 2399 et
1860 2359 1994 2397 mox
2017 2360 2156 2398 con-

228 2427 404 2502 jectis
437 2428 497 2482 in
524 2444 657 2481 eum
676 2423 927 2479 omnium
958 2423 1163 2488 oculis,
1191 2422 1416 2477 nullum
1443 2421 1654 2479 turbati
1693 2427 1786 2477 aut
1821 2421 2163 2480 exsultantis

236 2505 405 2562 animi
446 2510 662 2560 motum
709 2500 1056 2575 prodidisse.
1144 2500 1349 2556 Sermo
1400 2514 1536 2574 erga
1575 2505 1798 2575 patrem
1838 2499 2156 2573 Imperato-

238 2600 480 2657 remque
519 2598 825 2648 reverens,
855 2580 929 2636 de
960 2598 1025 2638 se
1064 2578 1395 2636 moderatus
1426 2602 1439 2650 ;
1485 2578 1628 2635 nihil
1656 2579 1715 2635 in
1743 2578 1907 2636 vultu
1936 2578 2158 2635 habitu·
2242 2602 2250 2611 ·

239 2679 353 2738 que
391 2665 701 2717 mutatum:
750 2658 912 2734 quasi
955 2659 1251 2733 imperare
1286 2665 1485 2733 posset
1520 2658 1717 2732 magiS,
1747 2675 1917 2734 quam
1953 2657 2157 2715 vellet.

216 2739 638 2809 ,Consultatum
675 2737 830 2806 inde,
862 2745 877 2770 ‘
910 2756 1018 2812 pro
1048 2738 1276 2805 rostriS,
1314 2756 1383 2793 an
1415 2738 1475 2794 in
1505 2737 1740 2805 Senatu,
1771 2756 1841 2792 an
1868 2736 1926 2793 in
1955 2735 2159 2794 castris

242 2828 255 2853 ⁵
288 2817 518 2894 adoptio
556 2824 1012 2892 nuncuparetur.
1101 2817 1181 2873 Iri
1225 2816 1287 2873 in
1313 2817 1542 2885 castra‚'
1584 2814 1837 2892 placuit:
1886 2830 1900 2847 ⁸
1926 2813 2159 2870 honori-

244 2908 257 2932 <
289 2899 473 2956 ficum'
504 2897 564 2953 id
605 2896 880 2953 militibus
904 2894 1053 2963 sore,
1084 2914 1333 2970 quorum
1366 2892 1645 2963 favorem,
1685 2902 1748 2951 ut
1772 2893 2076 2967 largitione
2105 2898 2164 2949 et

244 2988 256 3010 ‘
290 2977 502 3035 ambitu
550 2976 702 3031 male
735 2974 980 3051 adquiri,
1032 2975 1108 3031 ita
1153 2993 1266 3048 per
1292 2974 1467 3030 bonas
1497 2981 1652 3031 artes
1699 2972 1850 3030 haud
1877 2989 2158 3045 spernen-

244 3066 257 3089 ὃ
288 3056 465 3113 dum.'
551 3053 1032 3111 Circumsteterat
1070 3053 1304 3111 interim
1351 3053 1624 3127 palatium
1653 3052 1886 3127 publica
1913 3067 2157 3123 exspec-

312 3248 338 3279 ο
373 3231 679 3306 Adoptandi,
705 3237 789 3279 etc.
859 3230 915 3278 M
924 3229 1086 3290 urphy
1109 3229 1379 3288 translates
1402 3228 1501 3275 this
1522 3231 1763 3274 sentence
1786 3240 1798 3279 ς
1820 3221 2165 3295 Τὶιομιεῐὴοᾱ

250 3298 305 3349 of
318 3297 556 3357 adoption
579 3296 756 3342 allows
773 3295 897 3342 time
915 3301 968 3342 to
981 3293 1282 3351 deliberate,
1306 3294 1406 3341 aud
1423 3293 1510 3342 the
1534 3291 1710 3353 public
1729 3289 1873 3336 voice
1892 3287 1999 3333 will
2018 3301 2165 3334 serve

248 3377 302 3409 as
322 3375 353 3408 a
376 3361 531 3423 guido
552 3365 603 3407 to
621 3360 790 3415 direct
810 3360 895 3406 the
911 3358 1182 3421 judgment
1203 3357 1259 3405 of
1275 3358 1360 3404 the
1379 3357 1648 3417 Emperor.

305 3442 343 3489 p
379 3426 426 3472 N
432 3440 519 3473 ero
537 3439 641 3471 was
675 3423 988 3471 condemned
1023 3423 1087 3484 by
1106 3424 1193 3472 the
1218 3423 1404 3470 Senate
1423 3428 1475 3469 to
1507 3421 1571 3467 be
1588 3416 1822 3480 dragged·
1833 3416 2055 3478 through
2076 3415 2164 3462 the

247 3496 429 3538 streets
452 3489 508 3536 of
538 3489 717 3548 Rome,
741 3489 838 3535 and
863 3487 1197 3548 wbipped.to
1220 3487 1407 3538 death.
1474 3484 1556 3533 He
1603 3481 1884 3544 prevented
1927 3482 2013 3528 the
2034 3494 2156 3526 exe·

247 3555 425 3602 cution
443 3554 499 3603 of
513 3555 611 3602 this
629 3558 870 3603 sentence
903 3552 969 3615 by
987 3567 1019 3600 a
1040 3554 1316 3614 voluntary
1337 3550 1506 3599 death.
1574 3548 1658 3598 He
1689 3546 1852 3598 killed
1881 3545 2087 3595 himself
2101 3546 2162 3602 A,
