2459 4075
34 2814 51 2897 -·
34 2774 53 2805 ἢ
34 2684 35 2687 ⁴

265 123 319 163 s
348 104 539 163 aas.
740 70 1763 160 H1s'ron.1.113.si:cUNnUs.
2066 97 2184 157 *ss

154 296 158 302 .
269 249 434 307 initio
454 256 686 308 tenuem
710 249 770 308 in
797 247 1093 318 ambitum,
1119 253 1296 308 metae
1317 244 1518 315 modo,
1556 252 1916 316 exsufflent.
1959 251 2022 303 et
2039 245 2186 346 ratio

271 329 334 387 in
359 332 625 390 obscuro.

351 409 459 467 IV.
506 410 702 480 Titus,
729 415 989 486 spectata
1003 386 1310 486 ‚opulentia
1334 405 1617 482 donisque
1668 401 1917 476 Regum,
1947 419 2193 478 quasque

270 488 375 546 alia
393 491 593 548 laetum
640 489 1071 567 antiquitatibus
1100 489 1449 546 Graecorum
1476 505 1658 562 genus
1694 485 1937 541 incertae
1964 489 2189 540 vestus-

268 572 366 626 tati
394 569 693 645 adfingitst
717 570 1191 643 denavigatione’
1222 568 1478 645 primuni
1493 564 1799 626 consuluit.
1884 561 2194 638 Postquam

268 650 492 725 *pandi
522 650 674 708 viam
700 657 759 708 et
801 670 963 710 mare
990 650 1360 725 prospernm’
1406 647 1657 725 accepit,
1703 645 1778 702 de
1805 662 1874 702 se
1917 661 2031 720 per
2075 661 2192 699 am-

271 728 443 804 bages
509 729 849 806 interrogat,
910 730 1079 789 caesis
1125 729 1518 805 compluribus
1575 725 1800 786 hostiis.
1905 725 2194 784 sostratus

274 806 630 902 (Sacerdotis
657 812 718 870 id
743 830 954 870 nomen
1003 806 1162 887 erat)
1194 812 1290 867 ubi
1332 811 1469 868 laeta
1509 816 1569 868 et
1613 807 1991 897 congruentia
2032 811 2188 873 exta,

270 891 605 967 magnisque
630 892 903 951 consultis
914 908 1180 950 annuere
1211 890 1418 960 Deam,
1438 890 1620 958 videt,
1637 906 1822 964 pauca
1842 887 1902 944 in
1928 901 2196 975 praesens

271 976 341 1025 et
357 972 526 1029 solita
552 973 934 1048 respondens,
960 970 1153 1046 petito
1170 976 1427 1039 secreto,
1473 932 1666 1027 futuis
1705 968 1914 1045 aperit.
1999 966 2191 1035 Titus,

272 1058 443 1110 aucto
471 1051 682 1118 animo,
708 1051 781 1107 ad
805 1059 1031 1125 patrem
1056 1057 1412 1125 pervectus,
1437 1047 1730 1122 suspensis
1758 1047 2193 1122 provinciarum

233 1156 243 1164 ·
274 1135 341 1185 et
402 1128 763 1186 exercituum
828 1128 1136 1195 menti-bue,
1181 1129 1381 1201 ingens
1429 1146 1627 1186 rerum
1671 1126 1880 1183 fiducia
1924 1126 2187 1183 accessit.

275 1204 705 1281 Profligaverat
724 1207 943 1265 bellum
977 1206 1011 1261 J
1017 1209 1284 1270 udaicum
1304 1206 1728 1284 Vespasianus3
1771 1207 2198 1281 oppugnatione

274 1286 827 1364 Hierosolymorum
867 1288 1117 1364 reliqua,
1149 1284 1261 1377 (i).
1261 1289 1409 1346 duro
1435 1305 1615 1361 ωερε
1661 1292 1724 1343 et
1769 1288 1950 1343 arduo
1991 1303 2200 1361 opere,
2241 1315 2245 1326 ‚

273 1368 350 1425 ob
391 1366 682 1440 ingenium
731 1367 941 1426 montis
987 1374 1049 1425 et
1093 1366 1485 1444 pervicaciam
1534 1365 1982 1443 superstitionis,
2026 1384 2196 1443 quam

271 1465 384 1523 quo
412 1447 549 1505 satis
575 1446 787 1508 virium
811 1447 1063 1506 obsessis
1111 1448 1181 1505 ad
1224 1447 1550 1510 tolerandas
1595 1446 1972 1506 necessitates
2019 1459 2192 1523 supe-

241 1604 247 1609 ·
276 1534 484 1584 resset.
571 1527 750 1597 Tres,
786 1535 849 1587 ut
872 1547 1051 1604 supra
1073 1529 1540 1598 memoravimus,
1568 1527 1692 1603 ipsi
1723 1525 2084 1603 Vespasiano
2112 1528 2198 1584 le·-

276 1605 479 1681 giones
498 1615 689 1676 erant,
716 1608 996 1668 exercitas
1044 1608 1240 1666 bello:
1288 1615 1530 1684 quatuor
1575 1606 1876 1666 Mucianus
1901 1607 2202 1678 obtinebat

275 1685 336 1743 in
361 1704 545 1762 pace3
589 1688 694 1745 sed
719 1689 1005 1747 aemulatio
1050 1695 1108 1746 et
1151 1689 1404 1764 proximi
1430 1689 1721 1746 exercitus
1748 1687 1933 1762 glolia
1960 1688 2197 1763 reptile·
2228 1735 2239 1743 .

278 1775 367 1824 rat
386 1768 714 1842 segnitiam:
762 1775 1144 1845 quantumque
1170 1769 1287 1826 illis
1317 1768 1545 1826 roboris
1573 1768 1907 1830 discrimina
1926 1776 1988 1842 et
2011 1769 2199 1836 labor,

276 1852 489 1905 tantum
508 1847 601 1904 his
625 1848 840 1923 vigoris
859 1848 1154 1909 addiderat
1171 1849 1397 1923 integra
1425 1848 1589 1924 quies
1609 1856 1668 1906 et
1689 1849 2028 1924 inexpertus
2055 1846 2199 1906 belli

274 1925 440 1985 labor
457 1947 471 1983 ι
488 1927 727 1985 ‘auxilia
753 1927 983 2004 utrique
1001 1928 1330 1986 cohortium
1359 1928 1714 2004 alarumque,
1744 1936 1805 1988 et
1830 1929 2045 1986 classes
2075 1927 2193 1985 Re·

275 2025 516 2085 gesque,
534 2025 602 2065 ac
618 2025 830 2065 nomen
845 2007 1060 2082 dispari
1077 2007 1227 2066 fama
1254 2008 1515 2065 celebre.

363 2087 436 2144 V.
482 2086 893 2161 Vespasianus,
927 2105 1065 2144 acer
1091 2087 1333 2152 militiae,
1362 2085 1586 2144 anteire
1606 2104 1829 2159 agmen,
1850 2088 2041 2144 locum
2069 2105 2194 2155 cas-

276 2166 385 2226 tris
415 2183 658 2241 capere,
681 2172 853 2222 noctu
881 2164 1093 2241 diuque
1115 2165 1381 2233 consilio,
1412 2183 1499 2233 ac,
1522 2164 1571 2221 si
1593 2183 1690 2222 res
1710 2174 2006 2240 posceret,
2035 2184 2206 2223 manu
2270 2226 2276 2232 ,

279 2247 545 2323 hostibus
562 2245 742 2302 obniti
767 2266 781 2301 ε
826 2244 958 2302 cibo
984 2245 1243 2319 fortuite,
1272 2250 1440 2302 veste
1474 2243 1789 2320 habituque
1819 2246 1917 2304 vix
1945 2266 1975 2302 a
2000 2265 2202 2323 grega-

282 2327 372 2385 rio
400 2325 583 2385 milite
612 2325 986 2400 discrepans:
1031 2344 1295 2402 prorsus„
1332 2325 1381 2381 si
1410 2325 1647 2385 avaritia
1672 2326 1922 2395 abesset,
1953 2325 2197 2402 antiquis
2301 2368 2310 2372 -

286 2404 545 2466 Ducibus
572 2425 697 2482 par.
780 2404 1108 2464 Mucianum
1136 2425 1170 2463 e
1192 2404 1484 2464 contrario
1523 2404 1947 2480 magnificentia
1968 2414 2029 2464 et
2054 2425 2199 2483 opes

283 2493 359 2545 et
368 2494 572 2545 cuncta
596 2487 893 2562 privatum
933 2486 1165 2555 modum
1192 2504 1570 2561 supergressa
1612 2486 2008 2545 extollebant:
2036 2488 2202 2564 apti·

288 2585 358 2624 οι·
396 2565 672 2635 sermoni,
736 2565 1015 2640 dispositu
1062 2566 1421 2642 provisuque
1483 2565 1743 2624 civilium
1796 2584 1996 2626 rerum
2037 2565 2198 2644 peri-

283 2651 409 2705 tus.
481 2647 778 2722 egregium
834 2643 1192 2737 Principatus
1255 2653 1795 2722 temperamentum,
1850 2647 1919 2719 si,
1994 2648 2196 2726 demp-

212 2748 217 2755 ·
281 2728 354 2785 tis
398 2728 689 2802 utriusque
735 2725 911 2794 vitiis»,
954 2729 1092 2784 solae
1136 2724 1382 2785 virtutes
1431 2726 1832 2786 miscerentur.
1917 2728 2199 2786 Ceterum

266 2808 379 2865 hic
409 2805 618 2881 Syrizn,
645 2805 746 2862 ille
774 2802 809 2861 J
814 2803 992 2862 udaeae
1022 2811 1388 2882 praeposituS,
1410 2806 1613 2864 vicinis
1635 2809 2063 2882 provinciarum
2099 2807 2195 2864 ad-

284 2883 813 2953 ministrationibus,
842 2883 1055 2944 invidia
1098 2886 1418 2954 discordes„
1461 2884 1620 2944 exitu
1647 2888 1874 2946 demum
1924 2885 2204 2955 Neronis,
2275 2942 2279 2951 ,

283 2964 489 3043 positis
518 2964 683 3032 odiis,
723 2964 781 3020 in
809 2964 1056 3022 medium
1086 2968 1474 3024 consuluere:
1520 2966 1768 3041 primum
1811 2986 1922 3043 per
1951 2962 2203 3027 amicos:

285 3044 421 3104 dein
468 3044 766 3121 praecipua
804 3044 1133 3102 concordiae
1182 3045 1348 3113 fides,
1403 3042 1594 3112 Titus,
1649 3063 1828 3127 prava
1897 3046 2209 3107 certamina

284 3122 573 3185 communi
592 3123 829 3183 utilitate
858 3125 1233 3182 aboleverat:
1281 3132 1481 3185 natura
1508 3130 1677 3199 atque
1706 3124 1829 3185 arte
1849 3127 2212 3201 compositus

282 3204 616 3264 adliciendis
635 3205 805 3262 etiam
822 3203 1074 3265 Muciani
1097 3206 1390 3263 moribuS.
1427 3203 1676 3262 Tribuni
1696 3204 2206 3284 Centurionesque

288 3292 352 3347 et
376 3285 585 3360 vulgus
603 3284 869 3352 militum,
903 3283 1201 3352 industria,
1244 3282 1498 3353 licentia,
1525 3301 1637 3360 per
1672 3285 1935 3357 virtutes,
1963 3306 2077 3365 per
2101 3306 2206 3346 vo-

272 3359 562 3443 luptates,
582 3372 645 3422 ut
668 3365 881 3444 cuique
907 3363 1217 3455 ingenium,
1247 3365 1730 3424 adsciscebantur.

357 3561 382 3609 i
417 3560 533 3610 The
549 3558 693 3623 rapid
713 3573 905 3608 success
925 3558 982 3608 of
994 3557 1268 3621 Vespasian
1303 3560 1405 3609 had
1424 3559 1546 3608 wan
1576 3559 1697 3622 nigh
1715 3559 1881 3607 ended
1899 3559 1988 3607 the
2023 3548 2219 3604 Jewish

305 3636 430 3674 war.
499 3625 784 3674 Jerusalem
798 3639 904 3674 was
920 3626 1008 3673 the
1030 3625 1147 3688 only
1160 3627 1311 3688 place
1331 3625 1503 3693 which
1521 3624 1641 3672 held
1661 3629 1767 3672 out.
