2459 4075
312 153 580 209 „aasz
720 235 735 239 „
822 142 1714 204 H1sroa.L113.PR1MUs.
2157 151 2230 204 17

314 292 545 350 Othone
575 260 991 350 destinaretur.
1076 289 1266 348 Multa
1304 289 1661 366 erumpentis
1705 286 2001 346 seditionis
2026 288 2236 350 indicia

318 391 429 448 per
467 372 727 429 conscios
766 389 1084 447 oppressa:
1130 369 1394 445 quasdam
1431 369 1579 446 apud
1617 368 1822 425 Galbae
1863 386 2032 424 aures
2074 369 2233 428 Prat-

314 449 497 508 -fectus
517 451 670 507 Laco
701 452 895 520 elusit,
916 451 1144 524 ignarus
1172 448 1863 517 militariumanimorum,
1893 446 2236 524 consiliique

210 571 223 582 ‚
315 530 574 605 quamvis
597 530 838 605 egregii,
869 528 1024 606 quod
1045 547 1161 588 non
1180 529 1309 605 ipse
1333 527 1612 597 adferret,
1634 513 1921 597 inimicus,
1945 532 2007 583 et
2033 526 2236 586 adver·

311 627 405 666 sus
433 608 653 684 peritos
675 610 977 684 pervicax.

234 689 245 694 “
392 687 641 744 XXVII.
688 687 1140 747 Octavodecimo
1188 686 1319 744 Kal.
1355 687 1560 752 Febr„
1590 685 1932 743 sacrificanti
1971 703 2082 761 pro
2110 685 2236 743 aede

313 767 597 843 Apollinis
614 766 813 825 Galbae
832 767 1143 848 Haruspex
1162 763 1492 825 Umbricius
1512 773 1526 798 ‘
1548 764 1733 823 tristia
1746 771 1879 822 exta
1895 765 2241 822 etinstantes

318 853 332 876 ⁶
365 846 595 904 insidias
620 865 684 904 ac
707 846 1086 904 domesticum
1108 845 1356 918 hostw’
1372 844 1637 922 praedicit
1662 867 1676 915 3
1721 844 1988 902 audiente
2008 843 2244 902 Othone

317 924 470 1001 (nam
500 926 801 1001 proximus
820 920 1168 1001 adstiterat)
1198 924 1396 1001 idque,
1427 932 1493 981 ut
1516 926 1731 981 laetum
1758 942 1792 981 e
1829 924 2147 992 contrari0‚
2176 930 2239 982 et

313 1004 430 1061 suis
471 1005 910 1079 cogitationibus
953 1023 1329 1079 prosperum,
1358 1005 1799 1078 interpretante.
1886 1000 2018 1059 Nec
2053 1003 2235 1060 multo

312 1091 449 1158 post
460 1084 707 1160 libertus
740 1084 1084 1140 Onomastus
1112 1083 1354 1151 nuntiat,
1384 1090 1400 1115 ‘
1433 1081 1760 1155 exspectari
1789 1100 1921 1137 eum
1949 1083 2018 1137 ab
2046 1081 2235 1140 archi-

317 1169 333 1193 ‘
367 1167 524 1216 tecto
562 1166 624 1215 et
648 1159 1117 1234 redemptoribus
1141 1160 1177 1214 :’
1230 1177 1360 1232 quae
1392 1159 1727 1231 significatio
1754 1160 2083 1217 coeuntium
2115 1160 2237 1235 jam

318 1237 563 1308 militum
587 1243 647 1293 et
693 1245 905 1312 paratae
933 1236 1345 1311 conjurationis
1372 1243 1743 1294 convenerat.
1829 1236 2008 1304 Otho,
2032 1246 2047 1270 ‘
2078 1256 2237 1295 caus-

319 1323 335 1349 ‘
367 1335 488 1374 sam
522 1315 836 1390 digressus’
882 1315 1338 1391 requirentibuS‚
1368 1335 1521 1384 cum,
1552 1323 1567 1347 ‘
1600 1315 1712 1376 emi
1750 1313 1858 1370 sibi
1888 1315 2112 1390 proedia
2138 1335 2237 1373 ve-

318 1403 335 1428 ⁰
364 1401 575 1456 tustate
617 1402 908 1471 suspecta,
947 1413 1138 1470 eoque
1179 1394 1343 1470 prius
1392 1394 1788 1470 exploranda,’
1829 1393 2110 1464 finxisset,
2153 1395 2237 1453 in·

228 1487 245 1497 ·
315 1474 482 1531 nixus
514 1474 750 1549 liberte,
787 1494 897 1550 per
926 1474 1301 1531 Tiberianam
1334 1474 1587 1542 domum,
1627 1474 1685 1530 in
1723 1473 2063 1543 Velabrum,
2103 1474 2236 1531 inde

312 1553 383 1610 ad
409 1552 745 1611 Milliarium
776 1572 1036 1622 aureum,
1084 1552 1175 1631 (b)
1205 1555 1312 1610 sub
1358 1554 1544 1612 aedem
1578 1552 2058 1628 Saturni5pergit.
2146 1553 2232 1611 Ibi

313 1639 436 1688 tres
480 1639 539 1689 et
580 1633 781 1707 viginti
820 1633 1216 1708 speculatores
1251 1635 1677 1691 consalutatum
1719 1640 1734 1665 ‘
1767 1632 2231 1707 Imperatorem‚’

314 1728 382 1767 ac
410 1710 695 1784 paucitate
733 1712 1096 1769 salutantium
1127 1712 1442 1790 trepidum,
1476 1719 1537 1769 et
1567 1713 1729 1770 sellas
1771 1709 2109 1770 festinanter
2146 1711 2231 1768 in-

262 1796 270 1803 '
316 1788 586 1862 positum,
616 1790 828 1849 strictis
862 1792 1238 1849 mucronibus
1264 1791 1513 1865 rapiunt.
1600 1791 1874 1849 Totidem
1895 1789 2098 1849 ferme·
2127 1790 2230 1848 mi-

315 1867 448 1925 lites
469 1868 528 1924 in
554 1868 765 1927 itinere
795 1870 1207 1944 adgregantur:
1255 1870 1350 1927 alii
1369 1869 1742 1938 conscientia,
1764 1869 2034 1944 plerique
2062 1870 2260 1928 mira--

317 1947 450 2003 culo
474 1968 489 2017 ;
534 1967 664 2022 pars
687 1950 942 2006 clamore
971 1954 1031 2005 et
1060 1949 1287 2023 gaudio,
1313 1946 1399 2026 (c)
1434 1966 1569 2023 pars
1597 1948 1849 2016 silentio,
1878 1949 2128 2010 animum
2155 1968 2230 2008 ex

314 2033 532 2083 eventu
552 2025 859 2102 sumpturi.-

400 2100 681 2161 XXVIII.
724 2106 1038 2162 Stationem
1096 2107 1153 2162 in
1200 2106 1404 2164 castris
1454 2107 1654 2178 agebat
1707 2105 1898 2163 Julius
1953 2105 2231 2163 Martialis

318 2181 641 2239 Tribunus,
727 2183 805 2250 Is,
829 2181 1211 2256 magnitudine
1244 2182 1416 2239 subiti
1452 2184 1716 2252 sceleris,
1754 2201 1824 2239 an
1852 2192 2133 2259 conrupta
2152 2185 2231 2242 la·

314 2261 431 2318 tius
461 2267 668 2328 castra,
690 2279 777 2328 ac,
800 2259 847 2316 si
867 2266 1068 2318 contra
1094 2260 1383 2329 tenderet,
1403 2259 1643 2318 exitium
1661 2269 1958 2331 -metuenS,
1986 2263 2236 2337 praebuit

316 2341 617 2416 plerisque
676 2339 1061 2415 suspicionem
1116 2339 1512 2397 conscientias.
1592 2341 1998 2415 Anteposuere
2049 2345 2234 2399 ceteri

323 2437 553 2496 quoque
573 2419 823 2476 Tribuni
852 2418 1360 2496 Centurionesque
1390 2419 1700 2494 praesentia
1725 2419 1912 2501 dubiis
1941 2427 2001 2477 et
2026 2419 2233 2479 hones-

320 2496 411 2555 tis.
498 2498 670 2574 Isque
698 2497 927 2555 habitus
955 2497 1274 2555 animorum
1299 2496 1427 2565 fuit,
1457 2505 1520 2555 ut
1544 2498 1857 2574 pessimum
1890 2498 2109 2557 facinus
2134 2518 2231 2557 au-

320 2574 526 2633 derent
550 2575 741 2652 pauci,
768 2578 969 2653 plures
989 2577 1234 2644 vellent,
1258 2595 1457 2634 omnes
1473 2584 1834 2651 paterentur.

400 2654 616 2713 XXIX.
664 2657 902 2730 Ignarus
925 2656 1156 2713 interim
1177 2655 1366 2712 Galba
1386 2663 1446 2713 et
1466 2657 1643 2715 sacris
1672 2658 1945 2727 intentuS,
1968 2656 2234 2733 fatigabat

320 2732 493 2791 alieni
528 2735 647 2810 jam
695 2733 929 2811 imperii
980 2734 1135 2792 Deos
1160 2757 1174 2792 ι
1221 2753 1353 2791 cum
1398 2733 1658 2794 adfertur
1702 2753 1921 2807 rumor,
1952 2744 1967 2770 ‘
1999 2738 2125 2814 rapi
2174 2738 2233 2795 in

322 2818 337 2845 ὅ
384 2821 590 2881 castra,
653 2815 933 2885 incertum
986 2833 1160 2888 quem
1207 2813 1546 2872 Senatorem
1571 2817 1608 2872 ε’
1668 2833 1824 2884 mox,
1877 2822 1891 2848 ‘
1939 2813 2234 2875 Othonem

325 2899 339 2925 ‘
371 2911 525 2959 esse,
549 2893 647 2967 qui
668 2900 977 2968 raperetur
998 2895 1035 2950 :'
1080 2893 1250 2951 simul
1279 2911 1353 2950 ex
1376 2900 1493 2950 tota
1511 2896 1680 2965 urbe,
1710 2901 1775 2951 ut
1801 2892 2046 2971 quisque
2070 2895 2232 2952 obvi-

323 2991 388 3029 us
418 2969 623 3039 fuerat,
652 2972 747 3028 am
785 2971 1148 3030 formidinem
1196 2979 1498 3046 augenteS,
1539 2973 1765 3049 quidam
1814 2973 2036 3030 minora
2064 2992 2230 3043 vero,

324 3070 398 3108 ne
427 3056 547 3106 tum
571 3048 801 3125 quidem
828 3051 986 3125 obliti
1006 3051 1361 3109 adulationis.
1449 3052 1629 3126 Igitur
1645 3052 2094 3110 consultantibus
2113 3053 2232 3127 pla·

320 3129 458 3199 cuit,
484 3135 499 3161 ‘
522 3129 843 3205 pertentari
871 3129 1114 3189 animum
1151 3129 1431 3197 cohortiS,
1455 3150 1584 3206 quae
1611 3131 1671 3189 in
1698 3129 1909 3206 palatio
1931 3130 2233 3190 stationem

390 3288 418 3335 b
449 3286 751 3336 Milliarium
769 3302 990 3336 aureum.
1057 3288 1170 3336 The
1183 3286 1367 3349 golden
1384 3285 1700 3349 mile-pium,
1725 3287 1933 3336 erected
1949 3288 2015 3350 hy
2032 3288 2232 3349 Augus·

329 3356 411 3399 tus
433 3357 488 3398 at
506 3353 592 3399 the
626 3353 757 3400 head
776 3352 833 3400 os
846 3354 933 3401 the
969 3352 1169 3402 Roman
1193 3352 1400 3413 Forum,
1438 3358 1489 3399 to
1513 3353 1682 3401 which
1704 3354 1775 3401 all
1798 3353 1885 3402 the
1917 3358 2065 3416 great
2087 3353 2233 3399 reads

327 3416 547 3478 through
570 3415 696 3479 Italy
713 3418 1016 3481 converged‚
1040 3417 1141 3465 and
1162 3417 1291 3465 from
1308 3417 1480 3464 which
1500 3418 1587 3465 the
1608 3419 1839 3467 distance
1859 3432 1964 3466 was
1984 3416 2234 3465 calculat-

328 3480 513 3592 edaalnd
538 3480 791 3530 indicated
813 3497 877 3530 on
901 3483 1094 3530 similar
1128 3482 1304 3544 pillars
1320 3482 1527 3531 erected
1549 3497 1611 3531 on
1634 3488 1759 3532 most
1779 3484 1837 3531 os
1852 3483 1936 3532 the
1958 3483 2235 3544 important

326 3560 383 3594 ro
454 3560 491 3590 s.

394 3625 417 3658 c
451 3608 673 3662 Gaudio.
740 3612 889 3662 Some
913 3615 1301 3663 commentatore
1320 3610 1492 3676 prefer
1503 3611 1707 3675 gladiis.
