2459 4075
251 116 326 169 33
801 111 1913 183 C.00RN.TACIT1..4.'11
1949 145 2004 184 c.
2038 130 2175 185 333.

250 265 366 331 tur,
403 263 794 339 strepentibus
836 265 906 323 ab
936 272 1185 344 utroque
1213 265 1359 324 mari
1387 264 1480 344 (z)
1523 265 1873 328 itineribus·
1919 269 2186 328 exhausti

249 341 653 400 conviviorum
675 342 800 420 adp
790 345 1037 405 iratibus
1065 346 1365 422 principes
1401 345 1737 404 civitatum:
1810 350 2185 408 vastabantur

248 421 393 497 ipsae
424 419 727 481 civitates:
773 423 1165 499 degenerabat
1204 445 1239 483 a
1279 426 1483 483 labore
1511 443 1578 484 ac
1611 427 1828 484 virtute
1859 429 2061 496 mileS,
2077 427 2175 487 ad-

252 502 556 561 suetudine
584 502 937 578 voluptatum
961 513 1021 564 et
1047 511 1380 581 contemptu
1404 504 1601 562 Ducis·
1689 504 2012 566 Praemisit
1999 528 2057 566 m
2078 527 2175 566 ur-

248 583 386 639 bem
404 581 677 652 edictum,
702 601 815 658 quo
841 585 1225 644 vocabulum‘
1252 582 1514 659 Augusti’
1543 581 1878 656 differret‚‘
1905 586 2177 648 Caesaris⁷

251 681 366 721 non
411 662 729 737 reciperet,
756 681 888 719 cum
934 662 1007 723 de
1056 671 1342 740 potestate
1385 663 1528 721 nihil
1575 664 1935 724 detraheret.
2020 666 2181 726 Pulsi

253 741 418 800 Italia
457 742 865 800 mathematici.
953 743 1201 802 Cautum
1249 762 1488 811 Severe,
1552 751 1663 800 ‘ne
1713 744 1956 822 Equites
2005 745 2177 805 Rom.

253 823 431 892 ‘ludo
469 829 529 880 et
560 839 735 878 arena
771 822 1235 897 polluerentur?
1261 821 1357 902 (a)
1397 822 1627 898 priores
1655 823 1713 881 id
1742 823 2050 921 Principes
2077 846 2183 904 pe-

251 903 422 960 cunia
448 907 506 959 et
544 900 754 979 saepius
784 901 841 959 vi
880 905 1298 980 perpulerant:
1344 921 1408 959 ac
1438 904 1722 978 pleraque
1771 906 2084 981 municipia
2123 915 2184 964 et

253 979 499 1041 colonias
530 981 965 1053 aemulabantur,
994 983 1500 1060 conruptissimum
1524 1001 1814 1060 quemque
1843 984 2179 1075 adolescen-

249 1063 391 1122 tium
418 1059 605 1138 pretio
633 1058 901 1119 inlicere.
2208 1101 2217 1107 -

330 1140 555 1201 Lxul.
602 1139 717 1197 Sed
766 1140 1063 1211 Vitellius,
1092 1143 1342 1201 adventu
1371 1140 1589 1212 fratris,
1618 1140 1709 1221 (b)
1756 1151 1816 1201 et
1863 1143 2179 1221 inrepenti-

249 1225 358 1281 bus
380 1218 779 1280 dominationis
808 1221 1115 1297 magistris,
1138 1222 1451 1298 superbior
1468 1230 1526 1280 et
1555 1222 1830 1293 atrocior,
1854 1224 2039 1281 occidi
2066 1225 2184 1281 Do·

251 1302 521 1362 labellam
540 1298 736 1375 jussit,
766 1320 937 1376 quem
973 1302 1033 1360 in
1060 1303 1347 1360 coloniam
1388 1302 1731 1378 Aquinatem
1776 1304 2088 1380 sepositum
2111 1307 2184 1361 ab

252 1382 511 1448 Othone,
540 1379 862 1438 retulimus.
901 1379 986 1459 (c)
1074 1382 1401 1450 Dolabella,
1448 1383 1634 1440 audita
1676 1388 1866 1439 morte
1912 1382 2181 1452 Othonis,

249 1463 459 1521 urbem
501 1458 835 1516 introierat.
885 1461 940 1518 id
977 1461 1033 1517 ei
1076 1460 1341 1519 Plancius
1371 1460 1583 1532 VaruS,
1626 1461 1890 1519 Praetura
1931 1460 2179 1533 sunctuS,

251 1560 328 1600 ex
356 1537 569 1597 intimis
600 1538 922 1596 Dolabellae
952 1540 1171 1610 amiciS,
1202 1541 1353 1617 apud
1401 1540 1665 1599 Flavium
1695 1542 1980 1610 Sabinum,
2019 1540 2182 1600 Prae-

251 1620 466 1680 sectum
493 1617 678 1685 urbis,
721 1618 960 1695 objecit,
1005 1626 1020 1651 ‘
1042 1626 1327 1695 tamquam
1357 1628 1529 1696 rupta
1554 1622 1832 1691 custodia,
1863 1621 2088 1681 Ducem
2116 1641 2183 1680 se

255 1701 465 1759 ‘victis
493 1696 753 1774 partibus
777 1702 1182 1758 ostentasset?
1228 1699 1462 1770 addidit,
1506 1708 1819 1759 ‘tentatam
1854 1701 2185 1772 cohortem,

253 1792 423 1858 ‘quae
462 1777 642 1836 Ostiae
684 1781 943 1853 ageret?
941 1843 946 1848 ,
988 1800 1096 1839 nec
1138 1781 1273 1838 ullis
1310 1788 1599 1838 tantorum
1624 1781 1931 1839 criminum
1971 1782 2184 1856 proba-

239 1859 541 1922 tionibus:
588 1857 647 1914 in
675 1859 1071 1933 poenitentiam
1101 1880 1306 1919 versus
1334 1880 1547 1930 seram,
1579 1860 1805 1918 veniam
1828 1868 1960 1936 post
1986 1859 2205 1922 scelus

252 1938 556 2031 quaerebat
660 1937 1045 1998 Cunctantem
1072 1959 1253 2017 super
1298 1947 1452 1999 tanta
1494 1960 1560 1999 re
1599 1939 1881 1998 Flavium
1892 1940 2184 2012 Sabinum,

254 2018 509 2089 Triaria,
540 2017 607 2079 L.
639 2016 885 2090 Vitellii,
915 2039 1087 2091 uxor,
1127 2022 1275 2080 ultra
1314 2020 1582 2080 feminam
1619 2019 1810 2089 ferox,
1849 2021 2081 2080 terruit.
2111 2042 2187 2081 ne

254 2101 560 2195 ‘periculo
591 2098 879 2177 Principis
907 2099 1115 2159 famam
1142 2102 1469 2160 clementiae
1510 2101 1868 2159 adfectaret.’
1902 2101 1998 2181 (cl)
2084 2103 2187 2159 Sa-

252 2183 446 2250 binuS,
485 2185 694 2275 suopte
731 2181 959 2257 ingenio
1004 2182 1176 2251 mitis,
1207 2182 1308 2240 ubi
1343 2180 1591 2239 formido
1620 2181 1972 2250 incessisset,
2001 2181 2189 2240 facilis

249 2269 492 2332 mutatu,
522 2267 581 2319 et
626 2265 683 2321 in
723 2261 912 2319 alieno
960 2261 1294 2320 discrimine
1341 2262 1451 2320 sibi
1491 2281 1732 2338 pavenS,
1762 2280 1835 2319 ne
1885 2226 2186 2321 adlevasse

256 2343 580 2410 videretur,
605 2341 832 2432 impulit
854 2348 1140 2398 ruentum.

336 2421 551 2480 LXIV.
599 2422 655 2476 lo
628 2423 778 2496 itur
808 2419 1103 2483 Vitellius
1142 2428 1301 2478 metu
1343 2429 1411 2480 et‘
1445 2421 1598 2513 odio,
1635 2421 1789 2499 quod
1833 2421 2186 2493 Petroniam,

252 2520 496 2563 uxorem
526 2500 673 2574 ejuS,
705 2518 838 2555 mox
864 2498 1246 2558 Dolabellam
1273 2501 1698 2560 matrimonium
1717 2502 2062 2578 accepisset,
2081 2521 2183 2559 vo-

255 2591 446 2643 catum
474 2598 585 2656 per
621 2578 976 2655 epistolas,‘
1002 2579 1172 2639 vitata
1209 2581 1508 2640 Flaminiae
1538 2583 1650 2640 viae
1689 2583 2055 2651 celebritate,
2083 2581 2187 2639 de—

257 2667 537 2721 ‘vertere
577 2658 992 2716 interamnium
1020 2667 1192 2735 atque
1221 2661 1299 2717 ibi
1329 2660 1618 2720 interfeci’
1652 2661 1885 2737 jussit.
1928 2625 2191 2735 Lon’gum

257 2736 621 2800 interfectori
649 2738 869 2796 visum:
914 2738 971 2794 in
1009 2739 1219 2797 itinere
1264 2758 1330 2797 ac
1376 2743 1618 2800 taberna
1659 2742 1986 2833 projectum
2025 2741 2190 2799 humi

248 2817 567 2900 jugulavit:
615 2837 813 2896 magna
856 2837 987 2876 cum
1030 2818 1249 2879 invidia
1275 2821 1410 2879 novi
1462 2821 1851 2897 Principatus‚
1883 2821 2044 2898 cujus
2073 2822 2188 2879 hoc
2242 2822 2245 2827 ’

260 2982 365 3034 find
381 2997 412 3030 a
426 2979 643 3028 number
664 2978 721 3028 os
727 2978 1000 3041 particular
1020 2978 1262 3029 instances
1273 2980 1513 3029 collected
1525 2981 1596 3042 by
1617 2978 1862 3038 Brotier,
1848 2995 1901 3026 m
1921 2979 1998 3027 his
2021 2978 2190 3029 fourth

265 3049 453 3101 edition
474 3046 532 3095 of
546 3046 769 3104 Tacitus,
791 3046 891 3094 vol.
909 3044 982 3095 iii.
1005 3062 1133 3109 page
1149 3049 1263 3096 433.

329 3133 361 3166 s
395 3116 607 3176 Utroque
626 3128 777 3169 mare,
792 3113 879 3160 the
902 3112 1127 3161 Adriatic
1143 3112 1242 3161 and
1261 3112 1349 3160 the
1367 3110 1683 3174 Tyrrhenian
1705 3127 1828 3159 scas,

330 3198 364 3231 a
395 3180 443 3230 lt
460 3178 563 3226 had
597 3177 805 3227 become
826 3183 1111 3240 customary
1146 3179 1223 3226 sor
1259 3178 1346 3226 the
1367 3177 1567 3241 knights
1588 3183 1641 3226 to
1675 3179 1803 3241 fight
1821 3176 1926 3225 like
1962 3191 2191 3225 common

263 3246 549 3312 gladiatura,
586 3244 684 3291 and
727 3243 926 3292 exhibit
961 3245 1262 3293 themselves
1299 3259 1362 3291 on
1400 3245 1486 3291 the
1524 3243 1699 3305 public
1734 3248 1886 3306 stage.
1954 3243 2192 3291 Vitellius

265 3311 460 3364 wished
480 3315 532 3357 to
553 3314 647 3370 put
669 3325 731 3356 an
754 3324 813 3357 ei·
803 3309 851 3356 <1
868 3314 920 3356 to
942 3308 1028 3356 the
1052 3309 1326 3374 degrading
1346 3309 1581 3371 practice.

334 3380 364 3429 b
399 3373 525 3425 This
540 3389 644 3422 was
667 3372 855 3422 Lucius
878 3373 1130 3434 Vitellius,
1145 3378 1316 3423 whom
1334 3390 1413 3422 we
1430 3376 1529 3423 hav
1533 3390 1560 3421 e
1583 3390 1699 3424 seen
1715 3374 1839 3423 with
1863 3376 1950 3423 the
1973 3380 2192 3422 senators

270 3451 323 3493 at
340 3440 578 3494 Bononia.
645 3438 771 3487 This
786 3439 938 3497 book,
958 3455 995 3488 3.
1012 3444 1093 3490 54.

337 3526 365 3558 c
397 3507 714 3559 Retuzimus‚·
747 3519 830 3551 see
852 3503 984 3554 Hist.
1007 3504 1042 3553 i.
1065 3509 1145 3556 88.

339 3575 373 3623 d
404 3571 485 3621 Ne
514 3571 751 3633 periculo,
792 3578 878 3620 etc.
911 3572 1023 3619 that
1043 3572 1108 3619 he
1131 3573 1310 3619 should
1332 3576 1417 3621 not
1437 3574 1557 3621 seek
1589 3573 1675 3620 the
1698 3571 1828 3620 fame
1850 3572 1910 3621 os
1935 3572 2193 3631 clemency

275 3643 347 3711 by
367 3633 640 3700 sacrificing
661 3635 747 3683 the
764 3634 988 3686 inter-ests
1011 3637 1066 3685 of
1079 3637 1165 3685 the
1190 3636 1381 3686 Princo.
