2459 4075
327 100 381 139 s.
414 101 471 141 c.
502 84 646 142 69..
709 50 714 52 Α
778 77 1105 141 ms‘roa.
1149 80 1304 154 Lis.
1348 51 1793 140 SECUNDUS.
2151 84 2242 139 Ἑν

332 228 539 285 servili
569 234 734 288 veste
761 228 912 306 apud
943 228 1341 287 Decurionem
1376 228 1638 304 equitum
1681 225 2004 302 tegebatur.
2087 227 2243 290 'rum

335 305 635 382 Alphenus
676 307 891 379 Varus,
940 308 1262 367 Praefectus
1307 315 1648 377 castrorum,
1688 305 2044 383 deflagrante
2083 309 2243 383 paul-

331 384 487 443 latim
514 388 824 459 seditione‚
860 388 1365 458 addit‘consilium,
1410 388 1576 447 vetiti
1617 385 1784 444 obire
1828 385 2048 463 vigilias
2093 385 2245 444 Cen-

331 463 677 539 turionibus‚
706 471 917 527 omisso
952 470 1104 527 tubae
1133 487 1298 538 sono,
1325 464 1438 547 (m)
1465 486 1576 543 quo
1596 467 1762 525 miles
1784 465 1853 524 ad
1892 465 2037 530 belli
2064 466 2251 524 munia

331 544 544 606 cietur.
631 548 810 625 Igitur
830 555 1070 624 torpere
1097 550 1313 619 cuncti,
1350 548 1840 624 circumspectare
1862 547 2033 605 inter
2068 564 2131 603 se
2160 544 2253 602 ad-

331 626 495 685 toniti
521 650 538 685 :
586 629 881 705 etipmm,
932 628 1086 703 quod
1111 647 1282 685 nemo
1322 636 1580 703 regeret,
1635 633 1949 705 paventes:
1994 625 2250 695 silentio,

333 706 631 781 patientia,
657 715 965 784 ¹postremo
1007 708 1279 783 precibus
1322 727 1388 766 ac
1429 708 1703 785 lacrymis
1745 706 1975 765 veniam
2018 723 2249 781 quaere-

332 785 486 844 bant.
568 786 651 845 Ut
671 807 817 848 vero
839 786 1115 846 deformis
1138 794 1199 846 et
1222 785 1368 844 flens
1400 794 1460 845 et
1475 796 1699 865 praeter
1734 805 1898 864 spem
1946 784 2249 844 incolumis

331 864 547 925 Valens
569 867 882 944 processit,
918 867 1208 942 gaudium,
1254 867 1564 935 miserati0‚
1602 866 1804 925 favor:
1849 866 2010 925 versi
2053 863 2111 923 in
2147 866 2251 924 lae-

332 946 534 1017 titiam,
556 947 649 1027 (ut
671 956 760 1006 est
786 948 991 1023 vulgus
1019 954 1272 1024 utroque
1304 946 1682 1024 inmodicum)
1702 946 1999 1005 laudantes
2027 953 2251 1022 gratan-

329 1031 576 1103 tesque:
622 1027 1041 1085 circumdatum
1079 1027 1286 1102 aquilis
1313 1026 1606 1100 signisque
1655 1025 1713 1081 in
1740 1026 1989 1083 tribunal
2031 1026 2247 1084 ferunt.

331 1103 445 1161 Ille
472 1104 600 1161 utili
645 1105 1041 1162 moderatione
1060 1124 1176 1161 non
1204 1104 1556 1179 supplicium
1583 1103 1920 1180 cujusquam
1945 1105 2248 1181 poposcit-t

338 1183 408 1241 ac
434 1201 509 1240 ne
554 1183 913 1241 dissimulans
938 1184 1265 1260 suspectior
1305 1181 1478 1251 foret,
1515 1199 1731 1260 paucos
1754 1184 2073 1242 incusavit:
2117 1204 2252 1259 gna-

334 1280 436 1320 rus
460 1262 727 1321 civilibus
748 1262 920 1322 bellis
948 1264 1078 1338 plus
1100 1263 1399 1331 militibus,
1419 1282 1586 1337 quam
1602 1261 1879 1331 ducibus,
1909 1262 2115 1321 licere.
2155 1259 2250 1341 (n)

417 1340 618 1401 XXX.
663 1341 1059 1401 Munientibus
1111 1351 1303 1401 castra
1344 1342 1504 1418 ,apud
1542 1341 1837 1413 Ticinum,
1883 1342 1958 1401 de
2018 1343 2259 1401 adversa

334 1419 591 1480 Caecinae
641 1442 833 1498 pugna
857 1422 1127 1493 adlatum,
1173 1430 1234 1481 et
1260 1441 1444 1500 prope
1481 1423 1760 1481 renovata
1794 1421 2023 1494 seditio,
2067 1430 2085 1457 ‘
2107 1429 2253 1481 tam-

335 1507 352 1534 ‘
383 1520 555 1576 quam
576 1500 774 1561 fraude
798 1508 858 1560 et
892 1502 1349 1561 cunctationibus
1373 1502 1632 1563 Valentis
1654 1503 1867 1579 proelio
1892 1501 2254 1562 defuissent?

335 1579 518 1639 Nolle
550 1583 839 1659 requiem,
877 1602 990 1641 non
1027 1590 1378 1660 exspectare
1413 1583 1642 1651 ducem,
1678 1582 1900 1641 anteire
1935 1583 2114 1659 signa,
2159 1602 2255 1641 ur-

336 1677 478 1737 gere
520 1662 862 1738 signiferos:
907 1663 1109 1739 rapido
1159 1662 1384 1738 agmine
1432 1663 1688 1722 Caecinae
1732 1661 2074 1737 junguntur.
2161 1663 2255 1721 In-

337 1759 623 1819 prospera
648 1741 911 1807 Valentis
937 1742 1082 1801 sama
1108 1742 1261 1819 apud
1289 1742 1611 1801 exercitum
1632 1741 1891 1802 Caecinae
1907 1749 2031 1802 erat
2049 1765 2080 1800 :⁴
2109 1747 2126 1775 ‘
2151 1760 2254 1801 ex·

340 1829 360 1854 ⁶
386 1823 605 1897 positos
626 1841 692 1880 se
718 1829 875 1881 tanto
903 1822 1211 1900 pauciores
1251 1822 1488 1896 integris
1525 1821 1797 1892 viribus‚’
1843 1824 2258 1899 querebantur,
2304 1877 2311 1884 .

341 1901 511 1959 simul
548 1902 608 1960 in
649 1922 809 1961 suam
852 1903 1313 1970 excusationem,
1362 1908 1423 1960 et
1461 1902 1890 1960 adventantium
1934 1904 2116 1961 robur
2146 1919 2260 1979 per

340 1981 722 2040 adulationem
763 1981 1127 2050 adtollenteS,
1155 1999 1229 2039 ne
1268 1988 1333 2039 ut
1355 1980 1497 2039 victi
1534 1988 1594 2040 et
1633 1981 1821 2054 ignavi
1832 1981 2258 2058 ’despectarem

265 2104 280 2127 2
340 2068 455 2120 tur.
541 2061 620 2118 Et
659 2079 1002 2136 quamquam
1041 2061 1171 2134 plus
1212 2060 1446 2127 virium,
1486 2078 1676 2134 prope
1716 2059 2039 2135 duplicatus
2079 2062 2257 2136 legio-

338 2160 482 2199 num
530 2138 992 2214 auxiliorumque
1038 2153 1317 2193 numerus
1366 2144 1491 2194 erat
1528 2136 1784 2205 Valenti,
1838 2139 2021 2196 studia
2065 2146 2260 2198 tamen

233 2214 240 2219 ⁶
332 2219 587 2279 militum
612 2218 671 2277 in
699 2215 994 2276 Caecinam
1014 2216 1394 2288 inclinabant;
1438 2234 1619 2293 super
1636 2215 2045 2291 benignitatem
2066 2218 2258 2289 animi,

340 2319 453 2378 qua
502 2297 830 2375 promptior
856 2298 1199 2367 habebatur,
1228 2296 1401 2354 etiam
1431 2298 1630 2372 vigore
1660 2295 1869 2368 aetatis,
1907 2298 2261 2373 proceritate

273 2398 288 2407 '
340 2380 608 2457 corporis
650 2386 711 2437 et
751 2377 995 2455 quodam
1022 2376 1177 2436 inani
1207 2375 1428 2434 favore.
1463 2373 1552 2456 (o)
1630 2375 1790 2434 Hinc
1819 2377 2109 2436 aemulatio
2140 2377 2259 2436 Du-

342 2459 526 2519 cibuS.
613 2459 850 2518 Caecina
878 2465 894 2492 ‘
924 2464 988 2515 ut
1006 2455 1219 2515 foedum
1250 2463 1310 2515 et
1337 2456 1734 2527 maculosum,’
1764 2457 1865 2516 ille
1898 2465 1918 2511 .‘
1949 2465 2013 2516 ut
2047 2476 2260 2516 vanum

342 2547 359 2573 ‘
384 2559 450 2598 ac
469 2538 791 2608 tumidum,’
828 2537 1173 2597 inridebant.
1223 2605 1227 2608 Α
1260 2536 1374 2594 Sed
1415 2536 1645 2594 condito
1673 2537 1828 2607 odio,
1867 2538 2108 2598 eandem
2151 2538 2260 2596 uti·

281 2664 288 2668 -
342 2619 563 2678 litatem
592 2617 821 2688 fovere,
849 2617 1076 2676 crebris
1105 2615 1387 2693 epistoliS,
1409 2617 1534 2674 sine
1573 2625 1844 2693 respectu
1880 2619 2096 2689 veniae,
2119 2638 2257 2698 pro·
2326 2686 2331 2691 ‚

341 2698 449 2758 bra
501 2698 718 2758 Othoni
783 2697 1177 2774 objectantes:
1217 2710 1383 2761 ,cum
1435 2696 1613 2755 duces
1673 2699 1923 2772 partium
1987 2699 2257 2771 Othonia,

344 2778 602 2856 quamvis
655 2779 950 2836 uberrima
994 2774 1391 2836 conviciorum
1427 2776 1487 2835 in
1531 2775 1830 2836 Vitellium
1871 2779 2132 2850 materia,
2161 2781 2259 2838 ab·

346 2857 649 2916 stinerent.
2322 2855 2329 2860 ’

410 3030 460 3066 m
492 3013 608 3064 The
643 3012 821 3080 signals
840 3029 977 3065 were
1006 3015 1155 3079 given
1174 3021 1226 3066 to
1264 3015 1351 3064 the
1387 3015 1530 3080 night
1558 3018 1723 3065 watch
1751 3017 1823 3079 by
1843 3017 1930 3064 the
1966 3017 2123 3065 sound
2142 3016 2205 3066 of
2228 3034 2260 3066 a

411 3164 450 3198 n
481 3147 536 3196 In
557 3163 620 3196 an
642 3161 802 3210 army,
820 3147 993 3195 where
1009 3146 1095 3205 all,
1110 3146 1238 3197 from
1259 3147 1346 3195 the
1361 3143 1561 3209 highest
1574 3150 1626 3195 to
1646 3146 1733 3194 the
1759 3146 1951 3206 lowest,
1970 3147 2259 3198 committed

342 3214 429 3262 the
446 3219 574 3262 most
590 3213 779 3264 violent
798 3218 1045 3275 euti-ages,
1064 3215 1152 3261 the
1167 3213 1371 3277 soldiers
1388 3213 1537 3260 knew
1556 3228 1622 3261 no
1636 3211 2024 3264 subordination.
2091 3216 2258 3275 Guilt,

336 3280 491 3327 when
511 3279 700 3343 widely
719 3278 915 3343 spread,
931 3279 1085 3327 levels
1102 3280 1171 3327 all
1192 3277 1512 3327 distinctions.

412 3360 440 3394 ο
473 3343 675 3395 Caecina
693 3357 798 3394 was
820 3344 1046 3393 admired
1064 3345 1135 3408 by
1150 3345 1226 3393 his
1256 3344 1477 3402 soldiers,
1495 3345 1568 3392 sor
1589 3345 1730 3394 those
1747 3347 2011 3408 agreeable
2027 3345 2257 3396 secondu-

344 3425 407 3473 ry
442 3411 694 3472 qualities‚
728 3406 898 3458 which
934 3411 1074 3459 osten
1112 3410 1365 3474 captivate
1406 3411 1494 3458 the
1534 3410 1821 3460 multitude.
1888 3411 2134 3469 Corbulo,
2171 3411 2257 3458 the

342 3482 490 3539 great
501 3477 836 3534 commander,
851 3492 904 3524 so
915 3476 1072 3525 much
1079 3475 1310 3525 ’extolled
1329 3475 1402 3536 by
1422 3475 1646 3535 Tacitus,
1668 3474 1844 3525 united
1863 3480 1916 3524 to
1936 3476 2013 3523 his
2034 3473 2258 3536 superior

293 3550 298 3555 ’
342 3542 540 3600 taleme,
557 3542 644 3590 the
665 3540 888 3605 specious
902 3541 1062 3590 trifles
1069 3543 1178 3591 that
1191 3540 1451 3590 conciliate
1468 3541 1659 3590 favour.
1727 3542 1888 3601 Super
1908 3539 2257 3611 experientiam

344 3611 750 3673 sapientumque,
786 3610 933 3658 etiam
969 3610 1123 3671 specie
1153 3609 1388 3658 “inanium
1423 3608 1632 3656 validas.
1704 3602 1906 3657 Ammo,
1925 3614 2035 3648 xm·
2057 3607 2095 3642 s·
2113 3598 2162 3642 8·
