2459 4075
251 172 312 208 a.
347 169 407 207 c.
436 151 534 205 67.
774 145 1100 205 HISTOR.
1147 145 1299 204 LIB.
1343 144 1666 206 PRIMUS.
2106 150 2186 206 29

262 313 383 354 nec
400 292 672 363 -‘socios,’
700 298 765 350 ut
786 292 925 350 olim
950 291 1058 351 sed
1079 300 1095 326 ⁶
1116 291 1340 362 hostes,
1359 298 1424 350 et
1445 291 1656 351 victos’
1684 292 1989 351 vocabant.
2055 289 2190 348 Nec

262 375 471 432 deerat
494 392 629 451 pars
665 372 1014 442 Galliarum,
1036 391 1166 449 quae
1191 371 1466 430 Rhenum
1488 371 1720 441 accolit,
1742 372 1976 431 easdem
1996 379 2188 447 partes

259 460 485 523 secuta,
513 471 580 511 ac
608 460 731 512 tum
771 452 1059 511 acerrima
1081 451 1405 527 instigatrix
1445 451 1722 510 adversus
1764 456 1783 486 ‘
1813 452 1868 510 G
1905 449 2125 509 lbianos
2151 452 2190 508 ε’

259 534 380 591 hoc
408 532 566 590 enim
592 551 825 603 nomen,
875 531 1122 590 fastidito
1149 531 1423 600 Vindice,
1449 531 1793 590 indiderant.
1905 530 2064 606 gitur
2089 531 2192 590 Se·

257 612 470 689 quanis
488 611 812 688 AEduisque
831 611 1142 679 acdeinde,
1180 619 1357 688 prout
1378 611 1676 688 opulentia
1693 610 1810 671 civi
1893 631 1912 668 ι
1955 629 2023 668 us
2046 617 2196 680 erat,

252 690 499 760 infensi,
527 691 987 768 expugnationes
1006 692 1259 762 urbium,
1280 692 1685 769 populationes
1733 709 2028 767 agrorum,
2058 708 2190 767 rap-

257 778 356 831 tus
380 772 685 847 penatium
731 772 1050 830 hauserunt
1088 771 1279 830 animo
1311 794 1326 829 ε
1370 790 1551 848 super
1577 772 1882 831 avaritiam
1923 778 1987 828 et
2024 770 2194 828 adro·

260 851 540 926 gantiam,
583 848 887 929 praecipua
925 850 1274 910 validiorum
1315 851 1473 921 vitia,
1504 851 1863 910 contumacia
1890 849 2197 908 Gallorum

271 930 517 999 inritati,
546 931 670 1009 qui,
725 939 740 965 ‘
765 931 1067 992 remissam
1093 931 1202 988 sibi
1257 952 1292 989 a
1314 930 1500 989 Galba
1540 938 1799 1007 quartam
1838 930 2193 990 tributorum
2307 959 2322 971 ·
2423 911 2424 922 ἵ

265 1018 286 1044 ·
317 1020 549 1087 partem
575 1033 590 1069 ε
637 1029 740 1068 eos
777 1012 1012 1087 publice
1038 1010 1302 1079 donatos,
1333 1009 1445 1091 (s)
1487 1012 1549 1067 in
1575 1011 1936 1085 ignominiam
1964 1008 2195 1068 exerci-

258 1098 284 1121 “
313 1090 451 1157 tus:
469 1089 782 1162 jactabant.
863 1089 1129 1168 accessit
1152 1090 1364 1147 callide
1389 1091 1703 1163 vulgatum,
1737 1097 1963 1148 temere
2003 1088 2194 1147 credi·

252 1175 419 1241 Ἄπι),
458 1173 476 1200 ‘
498 1166 791 1225 decumari
816 1167 1078 1241 legiones
1105 1175 1168 1226 et
1204 1167 1697 1243 promptissimum
1724 1186 2014 1244 quemque
2040 1167 2196 1226 Cen-

271 1253 290 1280 ‘
315 1245 609 1304 turionum
627 1245 832 1305 dimitti
854 1247 893 1303 :’
918 1245 1176 1322 undique
1205 1253 1434 1318 atroces
1461 1245 1666 1314 nuntii,
1693 1245 1926 1304 sinistra
1951 1265 2027 1303 ex
2052 1247 2200 1304 urbe

266 1323 468 1395 sama3
513 1323 738 1382 infensa
781 1325 1178 1400 Lugdunensis
1206 1327 1456 1396 colonia,
1505 1332 1587 1395 et,
1617 1325 1902 1401 pentinaci
1923 1344 2035 1401 pro
2075 1323 2198 1383 Ne·
2241 1341 2262 1394 ,⁸

222 1473 227 1480 .
266 1422 417 1464 rone
454 1403 592 1474 fide,
620 1402 866 1463 secunda
894 1406 1247 1464 rumoribus·
1333 1405 1446 1464 Sed
1486 1405 1740 1482 plurima
1766 1404 1838 1462 ad
1864 1404 2199 1481 fingendum

262 1483 742 1560 credendumque
768 1485 1040 1543 materies
1060 1485 1119 1543 in
1160 1486 1306 1562 ipsis
1332 1486 1558 1555 castris,
1592 1485 1749 1554 odio,
1776 1491 1959 1555 metu,
1985 1490 2069 1554 et,
2098 1484 2197 1543 ubi
2255 1515 2260 1524 ·

268 1563 430 1622 vires
458 1582 587 1622 suas
609 1572 1009 1641 respexerant,
1037 1565 1373 1624 securitate.

352 1642 481 1700 LII.
525 1644 642 1702 Sub
671 1644 821 1719 ipsas
842 1644 1163 1721 superioris
1186 1645 1319 1710 anni
1341 1644 1472 1702 Kal.
1505 1643 1872 1703 Decembres
1886 1643 2069 1701 Aulus
2094 1642 2197 1700 Vi·

196 1748 209 1764 ¹
265 1722 483 1790 tellius,
511 1722 852 1783 inferiorem
874 1724 1247 1783 Germaniam
1273 1725 1590 1799 ingressus,
1613 1724 1867 1782 hiberna
1900 1722 2200 1798 legionum

269 1819 403 1861 cum
423 1821 568 1859 cura
591 1802 833 1873 adierat,
860 1803 1070 1863 redditi
1088 1805 1392 1881 plerisque
1414 1802 1672 1874 ordines,
1694 1801 1938 1862 remissa
1955 1801 2197 1877 ignomi-

274 1881 389 1951 nia,
416 1882 700 1943 adlevatae
722 1890 917 1943 notae:
962 1884 1135 1960 plura
1159 1882 1498 1951 ambitione,
1542 1882 1805 1957 quedam
1822 1881 2049 1957 judicio
2078 1903 2093 1939 t
2138 1881 2200 1939 in

277 1961 485 2040 quibus
530 1962 765 2021 sordem
792 1970 854 2021 et
897 1962 1196 2021 avaritiam
1243 1960 1476 2021 Fonteii
1518 1959 1842 2038 Capitonis,
1887 1960 2204 2019 adimendis

199 2076 217 2093 a
278 2041 713 2116 adsignandisve
747 2041 976 2099 militias
1016 2041 1337 2109 ordinibus,
1373 2041 1602 2114 integre
1642 2049 1985 2099 mutaverat.
2070 2039 2204 2100 Nec

275 2119 616 2178 Consularis
657 2119 861 2192 Legati
906 2137 1200 2187 mensura,
1240 2119 1347 2176 sed
1387 2119 1449 2176 in
1487 2118 1670 2193 majus
1713 2118 1906 2176 omnia
1949 2118 2201 2195 accipie·

273 2199 507 2258 bantur.
588 2195 666 2256 Et
682 2190 965 2255 ‘Vitellius
986 2197 1136 2274 apud
1160 2215 1408 2255 severos
1449 2196 1704 2254 humilis.
1783 2196 1855 2252 id
1873 2196 2205 2257 comitatem

277 2277 718 2352 bonitatemque
745 2274 1008 2335 faventes
1033 2275 1338 2344 vocabant,
1381 2273 1537 2352 quod
1560 2274 1691 2333 sine
1737 2273 1934 2346 mode,
1961 2275 2086 2334 sine
2104 2276 2202 2353 ju-

268 2357 429 2415 dicio
449 2357 700 2430 donaret
722 2376 846 2430 sua,
876 2356 1206 2431 ‘largiretur
1233 2355 1418 2414 aliena
1435 2386 1454 2416 ‘-
1493 2353 1667 2413 simul
1704 2350 1978 2413 aviditate
2017 2354 2202 2433 impe·

274 2437 444 2494 randi
466 2459 480 2494 ε
514 2435 614 2515 (g)
643 2436 770 2513 ipsa
788 2437 925 2494 vitia
943 2455 1054 2513 pro
1071 2435 1383 2494 virtutibus
1400 2435 1933 2510 interpretabantur
1957 2436 2123 2494 multi
2143 2435 2204 2494 in

281 2521 523 2593 utroque
540 2516 805 2574 exercitu
831 2517 982 2574 sicut
1007 2515 1252 2574 modesti
1281 2515 1598 2593 quietique,
1625 2515 1705 2573 ita
1723 2513 1857 2571 mali
1880 2520 1942 2574 et
1956 2515 2198 2575 strenui.

262 2594 393 2652 -Sed
417 2592 653 2671 profusa
669 2595 941 2672 cupidine
981 2602 1044 2654 et
1068 2593 1275 2668 insigni
1294 2595 1623 2653 temeritate
1651 2593 1853 2667 Legati
1887 2594 2200 2670 legionum,

279 2673 514 2733 Alienus
556 2674 798 2735 Caecina
836 2682 901 2734 et
918 2674 1128 2733 Fabius
1155 2672 1375 2732 Valens
1399 2696 1413 2733 ι
1461 2692 1496 2731 e
1519 2673 1721 2748 quibus
1749 2671 1989 2745 Valens,
2009 2673 2199 2735 infen-

274 2771 370 2812 sus
395 2754 623 2823 Galbae,
659 2761 945 2831 tamquam
974 2753 1267 2813 detectam
1303 2773 1342 2812 a
1364 2772 1431 2812 se
1459 2752 1723 2828 Verginii
1750 2755 2199 2825 cunctationem,

277 2851 563 2908 oppressa
602 2831 902 2911 Capitonis
933 2833 1175 2893 consilia
1242 2833 1466 2908 ingrate
1504 2830 1752 2902 tulisset,
1793 2832 2066 2910 instigare
2094 2833 2200 2894 Vi·

281 2910 524 2978 tellium,
591 2919 606 2944 ‘
624 2913 895 2973 ardorem
941 2913 1205 2972 militum'
1276 2920 1590 2972 ostentans.
1677 2912 1904 2988 ‘Ipsum
1972 2914 2201 2973 celebri

285 2997 301 3022 ‘
328 2989 546 3065 ubique
566 2987 749 3051 sama:
792 2995 1011 3052 nullam
1056 2993 1118 3051 in
1158 2992 1373 3052 Flacco
1413 2991 1766 3051 ’Hordeonio
1792 3011 2011 3051 moram
2044 3014 2060 3049 ε
2104 2992 2202 3050 ad-

284 3076 299 3103 ‘
327 3066 457 3128 fore
502 3067 898 3132 Britanniam:
962 3079 1233 3131 secutura
1282 3072 1707 3131 Germanorum
1754 3071 1961 3129 auxilia
1987 3093 2002 3129 ε
2039 3072 2200 3132 ‘male

278 3156 297 3185 ¹
319 3147 461 3208 fidas
488 3148 857 3226 provincias:
898 3151 1233 3229 precarium
1258 3150 1386 3211 seni
1415 3149 1731 3236 Imperium
1758 3157 1818 3209 et
1842 3151 2016 3209 brevi
2041 3158 2197 3215 tran-

278 3236 297 3265 ‘
321 3228 599 3291 siturum:
632 3231 918 3308 panderet
965 3231 1138 3291 modo
1163 3230 1353 3291 sinum
1394 3237 1456 3291 et
1495 3229 1759 3290 venienti
1786 3229 2063 3292 Fortuna
2099 3250 2198 3294 oc·
2261 3306 2264 3309 ¹

330 3447 378 3508 s
396 3445 608 3497 Publice
624 3446 844 3508 donatos,
867 3451 904 3498 i.
925 3463 965 3498 e.
981 3447 1110 3498 with
1125 3449 1215 3499 the
1235 3447 1523 3499 territories
1540 3448 1711 3497 which
1729 3445 1901 3503 Galba
1918 3446 2019 3495 had
2040 3446 2199 3496 taken

285 3510 412 3560 from
435 3512 523 3560 the
546 3510 720 3561 Gallie
743 3514 931 3562 states.
2246 3565 2253 3574 ,

340 3592 379 3641 g
407 3572 663 3628 Aviditate
680 3572 978 3643 imperandi.
1044 3578 1160 3629 The
1192 3577 1394 3647 gerund
1431 3577 1475 3627 is
1495 3577 1620 3629 used
1641 3577 1930 3642 mxiv-153
1963 3575 2086 3637 they
2108 3571 2196 3620 dev

282 3640 408 3695 tired
425 3647 480 3692 to
496 3644 560 3693 bo
580 3643 843 3708 governed
862 3643 931 3708 by
946 3643 1068 3697 bim-
