<?xml version="1.0" encoding="UTF-8"?>
<!DOCTYPE html PUBLIC "-//W3C//DTD XHTML 1.0 Transitional//EN"
    "http://www.w3.org/TR/xhtml1/DTD/xhtml1-transitional.dtd">
<html xmlns="http://www.w3.org/1999/xhtml" xml:lang="en" lang="en">
 <head>
  <title>
</title>
<meta http-equiv="Content-Type" content="text/html;charset=utf-8" />
  <meta name='ocr-system' content='tesseract 3.04.00' />
  <meta name='ocr-capabilities' content='ocr_page ocr_carea ocr_par ocr_line ocrx_word'/>
</head>
<body>
  <div class='ocr_page' id='page_1' title='image "./fivebookshistor00willgoog_0111.png"; bbox 0 0 2459 4075; ppageno 0'>
   <div class='ocr_carea' id='block_1_1' title="bbox 266 180 2183 252">
    <p class='ocr_par' dir='ltr' id='par_1_1' title="bbox 266 180 2183 252">
     <span class='ocr_line' id='line_1_1' title="bbox 266 180 2183 252; baseline 0.001 -1"><span class='ocrx_word' id='word_1_1' title='bbox 266 204 323 251; x_wconf 74' lang='lat'><strong>³.</strong></span> <span class='ocrx_word' id='word_1_2' title='bbox 354 213 413 251; x_wconf 89' lang='lat' dir='ltr'><strong>c.</strong></span> <span class='ocrx_word' id='word_1_3' title='bbox 443 186 539 250; x_wconf 81' lang='lat'><strong>69.</strong></span> <span class='ocrx_word' id='word_1_4' title='bbox 732 180 1058 248; x_wconf 78' lang='lat' dir='ltr'><strong>HISTOB..</strong></span> <span class='ocrx_word' id='word_1_5' title='bbox 1109 183 1264 250; x_wconf 85' lang='lat' dir='ltr'><strong>LIB.</strong></span> <span class='ocrx_word' id='word_1_6' title='bbox 1308 185 1755 247; x_wconf 82' lang='lat' dir='ltr'><strong>SECUNDUS.</strong></span> <span class='ocrx_word' id='word_1_7' title='bbox 1808 197 1819 208; x_wconf 57' lang='lat'>³</span> <span class='ocrx_word' id='word_1_8' title='bbox 2104 195 2183 252; x_wconf 73' lang='lat'><strong>99</strong></span> 
     </span>
    </p>
   </div>
   <div class='ocr_carea' id='block_1_2' title="bbox 207 333 2201 2080">
    <p class='ocr_par' dir='ltr' id='par_1_2' title="bbox 207 333 2201 2080">
     <span class='ocr_line' id='line_1_2' title="bbox 276 333 2195 415; baseline 0.001 -20"><span class='ocrx_word' id='word_1_9' title='bbox 276 337 538 405; x_wconf 86' lang='lat' dir='ltr'><strong>Flaccus,</strong></span> <span class='ocrx_word' id='word_1_10' title='bbox 590 333 686 415; x_wconf 73' lang='lat' dir='ltr'><strong>(z)</strong></span> <span class='ocrx_word' id='word_1_11' title='bbox 715 336 1004 412; x_wconf 75' lang='lat' dir='ltr'><strong>suspectis</strong></span> <span class='ocrx_word' id='word_1_12' title='bbox 1017 335 1142 413; x_wconf 86' lang='lat' dir='ltr'><strong>jam</strong></span> <span class='ocrx_word' id='word_1_13' title='bbox 1194 334 1453 403; x_wconf 79' lang='lat' dir='ltr'><strong>Batavis,</strong></span> <span class='ocrx_word' id='word_1_14' title='bbox 1478 335 1677 393; x_wconf 82' lang='lat' dir='ltr'><strong>anxius</strong></span> <span class='ocrx_word' id='word_1_15' title='bbox 1723 333 1967 411; x_wconf 87' lang='lat' dir='ltr'><strong>proprio</strong></span> <span class='ocrx_word' id='word_1_16' title='bbox 2010 336 2195 409; x_wconf 77' lang='lat' dir='ltr'><strong>bello,</strong></span> 
     </span>
     <span class='ocr_line' id='line_1_3' title="bbox 270 414 2193 494; baseline 0.001 -22"><span class='ocrx_word' id='word_1_17' title='bbox 270 416 500 475; x_wconf 84' lang='lat' dir='ltr'><strong>Vettius</strong></span> <span class='ocrx_word' id='word_1_18' title='bbox 522 416 798 485; x_wconf 86' lang='lat' dir='ltr'><strong>Bolanus,</strong></span> <span class='ocrx_word' id='word_1_19' title='bbox 836 436 1124 494; x_wconf 88' lang='lat' dir='ltr'><strong>nunquam</strong></span> <span class='ocrx_word' id='word_1_20' title='bbox 1154 416 1291 474; x_wconf 85' lang='lat' dir='ltr'><strong>satis</strong></span> <span class='ocrx_word' id='word_1_21' title='bbox 1335 415 1530 490; x_wconf 90' lang='lat' dir='ltr'><strong>quieta</strong></span> <span class='ocrx_word' id='word_1_22' title='bbox 1566 414 1903 473; x_wconf 80' lang='lat' dir='ltr'><strong>Britannia:</strong></span> <span class='ocrx_word' id='word_1_23' title='bbox 1950 421 2009 471; x_wconf 92' lang='lat' dir='ltr'><strong>et</strong></span> <span class='ocrx_word' id='word_1_24' title='bbox 2032 423 2193 474; x_wconf 89' lang='lat' dir='ltr'><strong>uter·</strong></span> 
     </span>
     <span class='ocr_line' id='line_1_4' title="bbox 272 493 2195 573; baseline -0.001 -19"><span class='ocrx_word' id='word_1_25' title='bbox 272 514 384 573; x_wconf 89' lang='lat' dir='ltr'><strong>que</strong></span> <span class='ocrx_word' id='word_1_26' title='bbox 412 496 564 558; x_wconf 81' lang='lat' dir='ltr'><strong>ambi</strong></span> <span class='ocrx_word' id='word_1_27' title='bbox 644 497 659 553; x_wconf 88' lang='lat' dir='ltr'><strong>i</strong></span> <span class='ocrx_word' id='word_1_28' title='bbox 683 517 698 553; x_wconf 78' lang='lat'>2</span> <span class='ocrx_word' id='word_1_29' title='bbox 743 513 937 573; x_wconf 88' lang='lat' dir='ltr'><strong>neque</strong></span> <span class='ocrx_word' id='word_1_30' title='bbox 965 514 1042 554; x_wconf 83' lang='lat' dir='ltr'><strong>ex</strong></span> <span class='ocrx_word' id='word_1_31' title='bbox 1068 493 1367 572; x_wconf 84' lang='lat' dir='ltr'><strong>Hispaniis</strong></span> <span class='ocrx_word' id='word_1_32' title='bbox 1394 495 1844 569; x_wconf 78' lang='lat' dir='ltr'><strong>properabatur,</strong></span> <span class='ocrx_word' id='word_1_33' title='bbox 1892 493 2053 551; x_wconf 86' lang='lat' dir='ltr'><strong>nullo</strong></span> <span class='ocrx_word' id='word_1_34' title='bbox 2071 502 2195 553; x_wconf 80' lang='lat' dir='ltr'><strong>tum</strong></span> 
     </span>
     <span class='ocr_line' id='line_1_5' title="bbox 266 573 2192 650; baseline -0.002 -17"><span class='ocrx_word' id='word_1_35' title='bbox 266 575 347 633; x_wconf 86' lang='lat' dir='ltr'><strong>ibi</strong></span> <span class='ocrx_word' id='word_1_36' title='bbox 376 574 537 633; x_wconf 90' lang='lat' dir='ltr'><strong>Cons</strong></span> <span class='ocrx_word' id='word_1_37' title='bbox 600 575 687 632; x_wconf 85' lang='lat' dir='ltr'><strong>ari</strong></span> <span class='ocrx_word' id='word_1_38' title='bbox 718 597 735 632; x_wconf 75' lang='lat' dir='ltr'>z</span> <span class='ocrx_word' id='word_1_39' title='bbox 779 576 954 633; x_wconf 87' lang='lat' dir='ltr'><strong>trium</strong></span> <span class='ocrx_word' id='word_1_40' title='bbox 980 575 1274 650; x_wconf 79' lang='lat' dir='ltr'><strong>legionum</strong></span> <span class='ocrx_word' id='word_1_41' title='bbox 1300 573 1525 648; x_wconf 82' lang='lat' dir='ltr'><strong>Legati,</strong></span> <span class='ocrx_word' id='word_1_42' title='bbox 1554 592 1728 650; x_wconf 86' lang='lat' dir='ltr'><strong>pares</strong></span> <span class='ocrx_word' id='word_1_43' title='bbox 1745 574 1887 649; x_wconf 86' lang='lat' dir='ltr'><strong>jure</strong></span> <span class='ocrx_word' id='word_1_44' title='bbox 1915 580 1998 642; x_wconf 87' lang='lat' dir='ltr'><strong>et,</strong></span> <span class='ocrx_word' id='word_1_45' title='bbox 2026 590 2192 648; x_wconf 83' lang='lat' dir='ltr'><strong>pros-</strong></span> 
     </span>
     <span class='ocr_line' id='line_1_6' title="bbox 267 653 2195 732; baseline -0.001 -19"><span class='ocrx_word' id='word_1_46' title='bbox 267 656 429 732; x_wconf 81' lang='lat' dir='ltr'>peris</span> <span class='ocrx_word' id='word_1_47' title='bbox 460 653 682 712; x_wconf 88' lang='lat' dir='ltr'><strong>Vitellii</strong></span> <span class='ocrx_word' id='word_1_48' title='bbox 720 656 921 725; x_wconf 86' lang='lat' dir='ltr'><strong>rebus,</strong></span> <span class='ocrx_word' id='word_1_49' title='bbox 948 654 1223 713; x_wconf 78' lang='lat' dir='ltr'><strong>certaturi</strong></span> <span class='ocrx_word' id='word_1_50' title='bbox 1246 655 1314 712; x_wconf 86' lang='lat' dir='ltr'><strong>ad</strong></span> <span class='ocrx_word' id='word_1_51' title='bbox 1344 654 1709 730; x_wconf 79' lang='lat' dir='ltr'>obsequium,</span> <span class='ocrx_word' id='word_1_52' title='bbox 1737 655 2037 712; x_wconf 78' lang='lat' dir='ltr'><strong>adversam</strong></span> <span class='ocrx_word' id='word_1_53' title='bbox 2065 654 2195 729; x_wconf 80' lang='lat' dir='ltr'><strong>ejus</strong></span> 
     </span>
     <span class='ocr_line' id='line_1_7' title="bbox 266 732 2196 809; baseline -0.001 -16"><span class='ocrx_word' id='word_1_54' title='bbox 266 733 560 793; x_wconf 77' lang='lat' dir='ltr'><strong>fortunam</strong></span> <span class='ocrx_word' id='word_1_55' title='bbox 582 753 659 791; x_wconf 82' lang='lat' dir='ltr'><strong>ex</strong></span> <span class='ocrx_word' id='word_1_56' title='bbox 690 752 861 809; x_wconf 77' lang='lat' dir='ltr'><strong>aequo</strong></span> <span class='ocrx_word' id='word_1_57' title='bbox 888 735 1302 793; x_wconf 77' lang='lat' dir='ltr'><strong>detrectabant.</strong></span> <span class='ocrx_word' id='word_1_58' title='bbox 1390 732 1456 792; x_wconf 88' lang='lat' dir='ltr'><strong>In</strong></span> <span class='ocrx_word' id='word_1_59' title='bbox 1484 732 1685 792; x_wconf 85' lang='lat' dir='ltr'><strong>Africa</strong></span> <span class='ocrx_word' id='word_1_60' title='bbox 1709 734 1865 809; x_wconf 80' lang='lat' dir='ltr'><strong>legio</strong></span> <span class='ocrx_word' id='word_1_61' title='bbox 1891 733 2196 791; x_wconf 81' lang='lat' dir='ltr'><strong>cohortes-</strong></span> 
     </span>
     <span class='ocr_line' id='line_1_8' title="bbox 271 812 2196 904; baseline -0.001 -32"><span class='ocrx_word' id='word_1_62' title='bbox 271 833 411 890; x_wconf 86' lang='lat' dir='ltr'><strong>que,</strong></span> <span class='ocrx_word' id='word_1_63' title='bbox 447 814 697 872; x_wconf 78' lang='lat' dir='ltr'><strong>delectae</strong></span> <span class='ocrx_word' id='word_1_64' title='bbox 725 834 757 871; x_wconf 89' lang='lat' dir='ltr'><strong>a</strong></span> <span class='ocrx_word' id='word_1_65' title='bbox 802 813 1013 871; x_wconf 88' lang='lat' dir='ltr'><strong>Clodio</strong></span> <span class='ocrx_word' id='word_1_66' title='bbox 1041 812 1263 881; x_wconf 86' lang='lat' dir='ltr'><strong>Macro,</strong></span> <span class='ocrx_word' id='word_1_67' title='bbox 1290 831 1427 872; x_wconf 77' lang='lat' dir='ltr'><strong>mox</strong></span> <span class='ocrx_word' id='word_1_68' title='bbox 1454 833 1488 871; x_wconf 83' lang='lat' dir='ltr'><strong>a</strong></span> <span class='ocrx_word' id='word_1_69' title='bbox 1510 813 1719 902; x_wconf 35' lang='lat' dir='ltr'><strong>‘Galba</strong></span> <span class='ocrx_word' id='word_1_70' title='bbox 1746 814 2020 904; x_wconf 61' lang='lat' dir='ltr'><strong>dimissas,</strong></span> <span class='ocrx_word' id='word_1_71' title='bbox 2065 829 2196 871; x_wconf 84' lang='lat' dir='ltr'><strong>rur-</strong></span> 
     </span>
     <span class='ocr_line' id='line_1_9' title="bbox 267 892 2194 1050; baseline 0 -20"><span class='ocrx_word' id='word_1_72' title='bbox 267 892 2194 1050; x_wconf 47' lang='lat' dir='ltr'><strong>zzzaffssagssts‘ssisff¹‘azsspzzzzzsrsffiszffaissa:</strong></span> 
     </span>
     <span class='ocr_line' id='line_1_10' title="bbox 269 1050 2195 1127; baseline 0 -17"><span class='ocrx_word' id='word_1_73' title='bbox 269 1052 750 1112; x_wconf 84' lang='lat' dir='ltr'><strong>Proconsulatum</strong></span> <span class='ocrx_word' id='word_1_74' title='bbox 781 1051 1078 1115; x_wconf 80' lang='lat' dir='ltr'><strong>Vitellius,</strong></span> <span class='ocrx_word' id='word_1_75' title='bbox 1126 1050 1405 1107; x_wconf 84' lang='lat' dir='ltr'><strong>famosum</strong></span> <span class='ocrx_word' id='word_1_76' title='bbox 1447 1050 1834 1126; x_wconf 84' lang='lat' dir='ltr'><strong>invisumque,</strong></span> <span class='ocrx_word' id='word_1_77' title='bbox 1883 1051 2195 1127; x_wconf 81' lang='lat' dir='ltr'><strong>Vespasia-</strong></span> 
     </span>
     <span class='ocr_line' id='line_1_11' title="bbox 266 1127 2196 1264; baseline 0.001 -75"><span class='ocrx_word' id='word_1_78' title='bbox 266 1151 379 1190; x_wconf 86' lang='lat' dir='ltr'><strong>nus</strong></span> <span class='ocrx_word' id='word_1_79' title='bbox 408 1137 641 1264; x_wconf 56' lang='lat' dir='ltr'><strong>egeragtz</strong></span> <span class='ocrx_word' id='word_1_80' title='bbox 686 1130 933 1219; x_wconf 71' lang='lat' dir='ltr'><strong>perinde</strong></span> <span class='ocrx_word' id='word_1_81' title='bbox 973 1130 1118 1186; x_wconf 87' lang='lat' dir='ltr'><strong>socii</strong></span> <span class='ocrx_word' id='word_1_82' title='bbox 1158 1130 1233 1185; x_wconf 90' lang='lat' dir='ltr'><strong>de</strong></span> <span class='ocrx_word' id='word_1_83' title='bbox 1270 1127 1527 1264; x_wconf 51' lang='lat' dir='ltr'><strong>lmfpetrio</strong></span> <span class='ocrx_word' id='word_1_84' title='bbox 1553 1129 1855 1204; x_wconf 87' lang='lat' dir='ltr'><strong>utriusque</strong></span> <span class='ocrx_word' id='word_1_85' title='bbox 1903 1133 2196 1208; x_wconf 84' lang='lat' dir='ltr'><strong>conjecta-</strong></span> 
     </span>
     <span class='ocr_line' id='line_1_12' title="bbox 264 1211 2195 1364; baseline 0.002 -21"><span class='ocrx_word' id='word_1_86' title='bbox 264 1211 1523 1363; x_wconf 38' lang='lat' dir='ltr'><strong>bassdxsfneapaeffgztznglgffiffesss’</strong></span> <span class='ocrx_word' id='word_1_87' title='bbox 1546 1286 1819 1362; x_wconf 79' lang='lat' dir='ltr'><strong>Legatus,</strong></span> <span class='ocrx_word' id='word_1_88' title='bbox 1847 1287 2030 1346; x_wconf 88' lang='lat' dir='ltr'><strong>studia</strong></span> <span class='ocrx_word' id='word_1_89' title='bbox 2053 1306 2195 1364; x_wconf 87' lang='lat' dir='ltr'><strong>pro-</strong></span> 
     </span>
     <span class='ocr_line' id='line_1_13' title="bbox 272 1367 2199 1445; baseline -0.001 -18"><span class='ocrx_word' id='word_1_90' title='bbox 272 1367 606 1427; x_wconf 82' lang='lat' dir='ltr'><strong>vincialium</strong></span> <span class='ocrx_word' id='word_1_91' title='bbox 647 1386 782 1425; x_wconf 88' lang='lat' dir='ltr'><strong>cum</strong></span> <span class='ocrx_word' id='word_1_92' title='bbox 826 1367 941 1426; x_wconf 88' lang='lat' dir='ltr'><strong>fide</strong></span> <span class='ocrx_word' id='word_1_93' title='bbox 971 1367 1131 1444; x_wconf 84' lang='lat' dir='ltr'><strong>juvit</strong></span> <span class='ocrx_word' id='word_1_94' title='bbox 1155 1388 1170 1423; x_wconf 86' lang='lat'>:</span> <span class='ocrx_word' id='word_1_95' title='bbox 1216 1385 1352 1425; x_wconf 85' lang='lat' dir='ltr'><strong>mox</strong></span> <span class='ocrx_word' id='word_1_96' title='bbox 1401 1367 1651 1437; x_wconf 83' lang='lat' dir='ltr'><strong>nutabat,</strong></span> <span class='ocrx_word' id='word_1_97' title='bbox 1704 1368 1892 1443; x_wconf 84' lang='lat' dir='ltr'><strong>palam</strong></span> <span class='ocrx_word' id='word_1_98' title='bbox 1939 1367 2199 1445; x_wconf 82' lang='lat' dir='ltr'><strong>epistolis</strong></span> 
     </span>
     <span class='ocr_line' id='line_1_14' title="bbox 275 1444 2201 1523; baseline 0 -17"><span class='ocrx_word' id='word_1_99' title='bbox 275 1446 598 1523; x_wconf 81' lang='lat' dir='ltr'><strong>edictisque</strong></span> <span class='ocrx_word' id='word_1_100' title='bbox 627 1444 952 1517; x_wconf 86' lang='lat' dir='ltr'><strong>Vitellium,</strong></span> <span class='ocrx_word' id='word_1_101' title='bbox 995 1446 1237 1505; x_wconf 87' lang='lat' dir='ltr'><strong>occultis</strong></span> <span class='ocrx_word' id='word_1_102' title='bbox 1265 1446 1478 1506; x_wconf 89' lang='lat' dir='ltr'><strong>nuntiis</strong></span> <span class='ocrx_word' id='word_1_103' title='bbox 1504 1446 1944 1523; x_wconf 76' lang='lat' dir='ltr'><strong>Vespasianum,</strong></span> <span class='ocrx_word' id='word_1_104' title='bbox 1976 1446 2201 1517; x_wconf 79' lang='lat' dir='ltr'><strong>fovens,</strong></span> 
     </span>
     <span class='ocr_line' id='line_1_15' title="bbox 274 1526 2200 1604; baseline 0 -18"><span class='ocrx_word' id='word_1_105' title='bbox 274 1533 333 1586; x_wconf 90' lang='lat' dir='ltr'><strong>et</strong></span> <span class='ocrx_word' id='word_1_106' title='bbox 370 1527 500 1586; x_wconf 78' lang='lat' dir='ltr'><strong>haec</strong></span> <span class='ocrx_word' id='word_1_107' title='bbox 527 1527 703 1584; x_wconf 80' lang='lat' dir='ltr'><strong>illave</strong></span> <span class='ocrx_word' id='word_1_108' title='bbox 729 1526 1096 1595; x_wconf 85' lang='lat' dir='ltr'><strong>defensurus,</strong></span> <span class='ocrx_word' id='word_1_109' title='bbox 1126 1534 1299 1603; x_wconf 90' lang='lat' dir='ltr'><strong>prout</strong></span> <span class='ocrx_word' id='word_1_110' title='bbox 1343 1527 1736 1585; x_wconf 78' lang='lat' dir='ltr'><strong>invaluissent.</strong></span> <span class='ocrx_word' id='word_1_111' title='bbox 1825 1527 2200 1604; x_wconf 82' lang='lat' dir='ltr'><strong>Deprehensi</strong></span> 
     </span>
     <span class='ocr_line' id='line_1_16' title="bbox 274 1605 2198 1684; baseline 0.001 -20"><span class='ocrx_word' id='word_1_112' title='bbox 274 1624 409 1664; x_wconf 81' lang='lat' dir='ltr'><strong>cum</strong></span> <span class='ocrx_word' id='word_1_113' title='bbox 435 1607 648 1665; x_wconf 87' lang='lat' dir='ltr'><strong>litteris</strong></span> <span class='ocrx_word' id='word_1_114' title='bbox 675 1606 996 1684; x_wconf 79' lang='lat' dir='ltr'><strong>edictisque</strong></span> <span class='ocrx_word' id='word_1_115' title='bbox 1036 1606 1400 1682; x_wconf 85' lang='lat' dir='ltr'><strong>Vespasiani,</strong></span> <span class='ocrx_word' id='word_1_116' title='bbox 1427 1624 1541 1683; x_wconf 87' lang='lat' dir='ltr'><strong>per</strong></span> <span class='ocrx_word' id='word_1_117' title='bbox 1562 1605 1849 1667; x_wconf 83' lang='lat' dir='ltr'><strong>Rhaetiam</strong></span> <span class='ocrx_word' id='word_1_118' title='bbox 1876 1614 1938 1665; x_wconf 92' lang='lat' dir='ltr'><strong>et</strong></span> <span class='ocrx_word' id='word_1_119' title='bbox 1957 1607 2198 1677; x_wconf 85' lang='lat' dir='ltr'><strong>Gallias,</strong></span> 
     </span>
     <span class='ocr_line' id='line_1_17' title="bbox 273 1685 2196 1764; baseline 0.002 -22"><span class='ocrx_word' id='word_1_120' title='bbox 273 1685 515 1744; x_wconf 89' lang='lat' dir='ltr'><strong>militum</strong></span> <span class='ocrx_word' id='word_1_121' title='bbox 542 1694 605 1745; x_wconf 90' lang='lat' dir='ltr'><strong>et</strong></span> <span class='ocrx_word' id='word_1_122' title='bbox 629 1686 1050 1748; x_wconf 79' lang='lat' dir='ltr'><strong>centurionum</strong></span> <span class='ocrx_word' id='word_1_123' title='bbox 1080 1686 1332 1764; x_wconf 88' lang='lat' dir='ltr'><strong>quidam,</strong></span> <span class='ocrx_word' id='word_1_124' title='bbox 1355 1685 1425 1745; x_wconf 91' lang='lat' dir='ltr'><strong>ad</strong></span> <span class='ocrx_word' id='word_1_125' title='bbox 1453 1686 1755 1745; x_wconf 86' lang='lat' dir='ltr'><strong>Vitellium</strong></span> <span class='ocrx_word' id='word_1_126' title='bbox 1772 1687 1953 1756; x_wconf 85' lang='lat' dir='ltr'><strong>missi,</strong></span> <span class='ocrx_word' id='word_1_127' title='bbox 1983 1706 2196 1745; x_wconf 86' lang='lat' dir='ltr'><strong>necan-</strong></span> 
     </span>
     <span class='ocr_line' id='line_1_18' title="bbox 271 1765 2195 1841; baseline 0.002 -19"><span class='ocrx_word' id='word_1_128' title='bbox 271 1770 369 1832; x_wconf 79' lang='lat' dir='ltr'><strong>tur</strong></span> <span class='ocrx_word' id='word_1_129' title='bbox 400 1788 414 1823; x_wconf 90' lang='lat'><strong>:</strong></span> <span class='ocrx_word' id='word_1_130' title='bbox 460 1766 661 1841; x_wconf 86' lang='lat' dir='ltr'><strong>plures</strong></span> <span class='ocrx_word' id='word_1_131' title='bbox 701 1765 995 1836; x_wconf 82' lang='lat' dir='ltr'><strong>fefellere,</strong></span> <span class='ocrx_word' id='word_1_132' title='bbox 1023 1766 1139 1824; x_wconf 89' lang='lat' dir='ltr'><strong>fide</strong></span> <span class='ocrx_word' id='word_1_133' title='bbox 1168 1766 1508 1835; x_wconf 84' lang='lat' dir='ltr'><strong>amicorum,</strong></span> <span class='ocrx_word' id='word_1_134' title='bbox 1547 1773 1645 1824; x_wconf 89' lang='lat' dir='ltr'><strong>aut</strong></span> <span class='ocrx_word' id='word_1_135' title='bbox 1668 1774 1899 1826; x_wconf 85' lang='lat' dir='ltr'><strong>suomet</strong></span> <span class='ocrx_word' id='word_1_136' title='bbox 1944 1773 2068 1825; x_wconf 80' lang='lat' dir='ltr'><strong>astu</strong></span> <span class='ocrx_word' id='word_1_137' title='bbox 2092 1785 2195 1825; x_wconf 88' lang='lat' dir='ltr'><strong>oc-</strong></span> 
     </span>
     <span class='ocr_line' id='line_1_19' title="bbox 274 1843 2198 1922; baseline 0.001 -20"><span class='ocrx_word' id='word_1_138' title='bbox 274 1843 490 1903; x_wconf 82' lang='lat' dir='ltr'><strong>cultati.</strong></span> <span class='ocrx_word' id='word_1_139' title='bbox 575 1846 660 1904; x_wconf 90' lang='lat' dir='ltr'><strong>lta</strong></span> <span class='ocrx_word' id='word_1_140' title='bbox 712 1845 937 1905; x_wconf 90' lang='lat' dir='ltr'><strong>Vitellii</strong></span> <span class='ocrx_word' id='word_1_141' title='bbox 964 1856 1195 1922; x_wconf 86' lang='lat' dir='ltr'><strong>paratus</strong></span> <span class='ocrx_word' id='word_1_142' title='bbox 1222 1845 1632 1914; x_wconf 86' lang='lat' dir='ltr'><strong>noscebantur,</strong></span> <span class='ocrx_word' id='word_1_143' title='bbox 1679 1845 2020 1922; x_wconf 81' lang='lat' dir='ltr'><strong>Vespasiani</strong></span> <span class='ocrx_word' id='word_1_144' title='bbox 2060 1864 2198 1904; x_wconf 90' lang='lat' dir='ltr'><strong>con-</strong></span> 
     </span>
     <span class='ocr_line' id='line_1_20' title="bbox 273 1923 2196 2001; baseline 0.003 -22"><span class='ocrx_word' id='word_1_145' title='bbox 273 1923 534 1982; x_wconf 82' lang='lat' dir='ltr'><strong>siliorum</strong></span> <span class='ocrx_word' id='word_1_146' title='bbox 558 1926 842 2000; x_wconf 88' lang='lat' dir='ltr'><strong>pleraque</strong></span> <span class='ocrx_word' id='word_1_147' title='bbox 869 1926 1095 2001; x_wconf 85' lang='lat' dir='ltr'><strong>ignota:</strong></span> <span class='ocrx_word' id='word_1_148' title='bbox 1140 1926 1394 2000; x_wconf 88' lang='lat' dir='ltr'><strong>primum</strong></span> <span class='ocrx_word' id='word_1_149' title='bbox 1438 1925 1705 1984; x_wconf 86' lang='lat' dir='ltr'><strong>socordia</strong></span> <span class='ocrx_word' id='word_1_150' title='bbox 1726 1926 1988 1986; x_wconf 87' lang='lat' dir='ltr'><strong>Vitellii:</strong></span> <span class='ocrx_word' id='word_1_151' title='bbox 2032 1926 2196 1984; x_wconf 88' lang='lat' dir='ltr'><strong>dein-</strong></span> 
     </span>
     <span class='ocr_line' id='line_1_21' title="bbox 207 2002 2193 2080; baseline 0.001 -20"><span class='ocrx_word' id='word_1_152' title='bbox 207 2070 217 2074; x_wconf 25' lang='lat'><em>-</em></span> <span class='ocrx_word' id='word_1_153' title='bbox 272 2002 347 2061; x_wconf 88' lang='lat' dir='ltr'><strong>de</strong></span> <span class='ocrx_word' id='word_1_154' title='bbox 376 2002 724 2071; x_wconf 63' lang='lat' dir='ltr'><strong>Pannonicae</strong></span> <span class='ocrx_word' id='word_1_155' title='bbox 748 2005 945 2079; x_wconf 79' lang='lat' dir='ltr'><strong>Alpes,</strong></span> <span class='ocrx_word' id='word_1_156' title='bbox 974 2005 1260 2080; x_wconf 84' lang='lat' dir='ltr'><strong>praesidiis</strong></span> <span class='ocrx_word' id='word_1_157' title='bbox 1285 2004 1548 2074; x_wconf 82' lang='lat' dir='ltr'><strong>insessae,</strong></span> <span class='ocrx_word' id='word_1_158' title='bbox 1570 2006 1798 2064; x_wconf 85' lang='lat' dir='ltr'><strong>nuntios</strong></span> <span class='ocrx_word' id='word_1_159' title='bbox 1826 2005 2193 2064; x_wconf 88' lang='lat' dir='ltr'><strong>retinebant:</strong></span> 
     </span>
    </p>
   </div>
   <div class='ocr_carea' id='block_1_3' title="bbox 271 2082 2303 2160">
    <p class='ocr_par' dir='ltr' id='par_1_3' title="bbox 271 2082 2303 2160">
     <span class='ocr_line' id='line_1_22' title="bbox 271 2082 2303 2160; baseline 0.001 -19"><span class='ocrx_word' id='word_1_160' title='bbox 271 2101 431 2141; x_wconf 86' lang='lat' dir='ltr'><strong>mare</strong></span> <span class='ocrx_word' id='word_1_161' title='bbox 461 2102 696 2159; x_wconf 89' lang='lat' dir='ltr'><strong>quoque</strong></span> <span class='ocrx_word' id='word_1_162' title='bbox 739 2083 1071 2141; x_wconf 85' lang='lat' dir='ltr'><strong>Etesiarum</strong></span> <span class='ocrx_word' id='word_1_163' title='bbox 1091 2082 1235 2141; x_wconf 85' lang='lat' dir='ltr'><strong>flatu</strong></span> <span class='ocrx_word' id='word_1_164' title='bbox 1259 2083 1352 2160; x_wconf 77' lang='lat' dir='ltr'><strong>(y)</strong></span> <span class='ocrx_word' id='word_1_165' title='bbox 1372 2084 1433 2140; x_wconf 90' lang='lat' dir='ltr'><strong>in</strong></span> <span class='ocrx_word' id='word_1_166' title='bbox 1459 2083 1763 2143; x_wconf 86' lang='lat' dir='ltr'><strong>Orientem</strong></span> <span class='ocrx_word' id='word_1_167' title='bbox 1805 2083 2199 2158; x_wconf 79' lang='lat' dir='ltr'><strong>navigantibus</strong></span> <span class='ocrx_word' id='word_1_168' title='bbox 2293 2110 2303 2119; x_wconf 89' lang='lat'><strong>·</strong></span> 
     </span>
    </p>
   </div>
   <div class='ocr_carea' id='block_1_4' title="bbox 267 2160 2215 3353">
    <p class='ocr_par' dir='ltr' id='par_1_4' title="bbox 270 2160 1286 2229">
     <span class='ocr_line' id='line_1_23' title="bbox 270 2160 1286 2229; baseline -0.003 -10"><span class='ocrx_word' id='word_1_169' title='bbox 270 2163 614 2229; x_wconf 80' lang='lat' dir='ltr'><strong>secundum,</strong></span> <span class='ocrx_word' id='word_1_170' title='bbox 643 2160 777 2217; x_wconf 89' lang='lat' dir='ltr'><strong>inde</strong></span> <span class='ocrx_word' id='word_1_171' title='bbox 806 2160 1114 2217; x_wconf 81' lang='lat' dir='ltr'><strong>adversum</strong></span> <span class='ocrx_word' id='word_1_172' title='bbox 1140 2168 1286 2217; x_wconf 85' lang='lat' dir='ltr'><strong>erat.</strong></span> 
     </span>
    </p>

    <p class='ocr_par' dir='ltr' id='par_1_5' title="bbox 267 2237 2215 3353">
     <span class='ocr_line' id='line_1_24' title="bbox 352 2237 2197 2320; baseline 0.004 -25"><span class='ocrx_word' id='word_1_173' title='bbox 352 2239 574 2296; x_wconf 88' lang='lat' dir='ltr'><strong>XCIX.</strong></span> <span class='ocrx_word' id='word_1_174' title='bbox 620 2237 907 2307; x_wconf 86' lang='lat' dir='ltr'><strong>Tandem,</strong></span> <span class='ocrx_word' id='word_1_175' title='bbox 961 2239 1291 2315; x_wconf 88' lang='lat' dir='ltr'><strong>inruptione</strong></span> <span class='ocrx_word' id='word_1_176' title='bbox 1319 2238 1593 2308; x_wconf 89' lang='lat' dir='ltr'><strong>hostium,</strong></span> <span class='ocrx_word' id='word_1_177' title='bbox 1624 2243 1915 2301; x_wconf 82' lang='lat' dir='ltr'><strong>atrocibus</strong></span> <span class='ocrx_word' id='word_1_178' title='bbox 1941 2243 2197 2320; x_wconf 87' lang='lat' dir='ltr'><strong>undique</strong></span> 
     </span>
     <span class='ocr_line' id='line_1_25' title="bbox 267 2315 2191 2398; baseline 0.002 -21"><span class='ocrx_word' id='word_1_179' title='bbox 267 2317 486 2377; x_wconf 87' lang='lat' dir='ltr'><strong>nuntiis</strong></span> <span class='ocrx_word' id='word_1_180' title='bbox 511 2315 848 2388; x_wconf 80' lang='lat' dir='ltr'><strong>exterritus,</strong></span> <span class='ocrx_word' id='word_1_181' title='bbox 877 2318 1172 2377; x_wconf 80' lang='lat' dir='ltr'><strong>Caecinam</strong></span> <span class='ocrx_word' id='word_1_182' title='bbox 1200 2327 1262 2378; x_wconf 88' lang='lat' dir='ltr'><strong>et</strong></span> <span class='ocrx_word' id='word_1_183' title='bbox 1289 2319 1597 2379; x_wconf 88' lang='lat' dir='ltr'><strong>Valentem</strong></span> <span class='ocrx_word' id='word_1_184' title='bbox 1635 2322 1919 2398; x_wconf 82' lang='lat' dir='ltr'><strong>expedire</strong></span> <span class='ocrx_word' id='word_1_185' title='bbox 1967 2324 2037 2380; x_wconf 88' lang='lat' dir='ltr'><strong>ad</strong></span> <span class='ocrx_word' id='word_1_186' title='bbox 2065 2325 2191 2381; x_wconf 85' lang='lat' dir='ltr'><strong>bel-</strong></span> 
     </span>
     <span class='ocr_line' id='line_1_26' title="bbox 268 2397 2196 2477; baseline 0.002 -21"><span class='ocrx_word' id='word_1_187' title='bbox 268 2399 394 2457; x_wconf 86' lang='lat' dir='ltr'><strong>lum</strong></span> <span class='ocrx_word' id='word_1_188' title='bbox 411 2397 622 2475; x_wconf 83' lang='lat' dir='ltr'><strong>jubet:</strong></span> <span class='ocrx_word' id='word_1_189' title='bbox 666 2399 1001 2474; x_wconf 76' lang='lat' dir='ltr'><strong>praemissus</strong></span> <span class='ocrx_word' id='word_1_190' title='bbox 1043 2398 1320 2457; x_wconf 84' lang='lat' dir='ltr'><strong>Caecina:</strong></span> <span class='ocrx_word' id='word_1_191' title='bbox 1368 2399 1698 2470; x_wconf 85' lang='lat' dir='ltr'><strong>Valentem,</strong></span> <span class='ocrx_word' id='word_1_192' title='bbox 1739 2421 1773 2460; x_wconf 92' lang='lat' dir='ltr'><strong>e</strong></span> <span class='ocrx_word' id='word_1_193' title='bbox 1799 2402 1961 2477; x_wconf 79' lang='lat' dir='ltr'><strong>gravi</strong></span> <span class='ocrx_word' id='word_1_194' title='bbox 1988 2421 2196 2477; x_wconf 57' lang='lat' dir='ltr'><strong>corpus</strong></span> 
     </span>
     <span class='ocr_line' id='line_1_27' title="bbox 272 2478 2194 2554; baseline 0.003 -19"><span class='ocrx_word' id='word_1_195' title='bbox 272 2478 355 2535; x_wconf 84' lang='lat' dir='ltr'><strong>ris</strong></span> <span class='ocrx_word' id='word_1_196' title='bbox 402 2478 607 2536; x_wconf 90' lang='lat' dir='ltr'><strong>morbo</strong></span> <span class='ocrx_word' id='word_1_197' title='bbox 633 2486 754 2536; x_wconf 89' lang='lat' dir='ltr'><strong>tum</strong></span> <span class='ocrx_word' id='word_1_198' title='bbox 804 2479 1052 2553; x_wconf 90' lang='lat' dir='ltr'><strong>primum</strong></span> <span class='ocrx_word' id='word_1_199' title='bbox 1102 2478 1529 2554; x_wconf 82' lang='lat' dir='ltr'><strong>adsurgentem,</strong></span> <span class='ocrx_word' id='word_1_200' title='bbox 1567 2480 1868 2540; x_wconf 79' lang='lat' dir='ltr'><strong>infirmitas</strong></span> <span class='ocrx_word' id='word_1_201' title='bbox 1917 2481 2194 2540; x_wconf 84' lang='lat' dir='ltr'><strong>tardabat.</strong></span> 
     </span>
     <span class='ocr_line' id='line_1_28' title="bbox 273 2556 2197 2639; baseline 0.003 -24"><span class='ocrx_word' id='word_1_202' title='bbox 273 2556 475 2633; x_wconf 84' lang='lat' dir='ltr'><strong>Longe</strong></span> <span class='ocrx_word' id='word_1_203' title='bbox 522 2557 634 2625; x_wconf 84' lang='lat' dir='ltr'><strong>alia</strong></span> <span class='ocrx_word' id='word_1_204' title='bbox 658 2556 1082 2634; x_wconf 85' lang='lat' dir='ltr'><strong>proficiscentis</strong></span> <span class='ocrx_word' id='word_1_205' title='bbox 1106 2577 1178 2614; x_wconf 87' lang='lat' dir='ltr'><strong>ex</strong></span> <span class='ocrx_word' id='word_1_206' title='bbox 1210 2561 1363 2616; x_wconf 76' lang='lat' dir='ltr'><strong>urbe</strong></span> <span class='ocrx_word' id='word_1_207' title='bbox 1381 2559 1709 2619; x_wconf 64' lang='lat' dir='ltr'><strong>Gai-manici</strong></span> <span class='ocrx_word' id='word_1_208' title='bbox 1740 2562 2033 2620; x_wconf 83' lang='lat' dir='ltr'><strong>exercitus</strong></span> <span class='ocrx_word' id='word_1_209' title='bbox 2061 2580 2197 2639; x_wconf 73' lang='lat' dir='ltr'><strong>spe-</strong></span> 
     </span>
     <span class='ocr_line' id='line_1_29' title="bbox 273 2636 2201 2713; baseline 0.003 -19"><span class='ocrx_word' id='word_1_210' title='bbox 273 2636 436 2695; x_wconf 85' lang='lat' dir='ltr'><strong>cies:</strong></span> <span class='ocrx_word' id='word_1_211' title='bbox 483 2656 597 2695; x_wconf 88' lang='lat' dir='ltr'><strong>non</strong></span> <span class='ocrx_word' id='word_1_212' title='bbox 630 2637 794 2712; x_wconf 78' lang='lat' dir='ltr'><strong>vigor</strong></span> <span class='ocrx_word' id='word_1_213' title='bbox 818 2637 1186 2713; x_wconf 84' lang='lat' dir='ltr'><strong>corporibus,</strong></span> <span class='ocrx_word' id='word_1_214' title='bbox 1211 2642 1349 2696; x_wconf 62' lang='lat' dir='ltr'><strong>‘non</strong></span> <span class='ocrx_word' id='word_1_215' title='bbox 1379 2639 1553 2698; x_wconf 90' lang='lat' dir='ltr'><strong>ardor</strong></span> <span class='ocrx_word' id='word_1_216' title='bbox 1598 2641 1835 2699; x_wconf 85' lang='lat' dir='ltr'><strong>animis:</strong></span> <span class='ocrx_word' id='word_1_217' title='bbox 1882 2643 2100 2700; x_wconf 87' lang='lat' dir='ltr'><strong>lentum</strong></span> <span class='ocrx_word' id='word_1_218' title='bbox 2140 2648 2201 2701; x_wconf 91' lang='lat' dir='ltr'><strong>et</strong></span> 
     </span>
     <span class='ocr_line' id='line_1_30' title="bbox 272 2716 2195 2800; baseline 0.003 -26"><span class='ocrx_word' id='word_1_219' title='bbox 272 2735 469 2785; x_wconf 80' lang='lat' dir='ltr'><strong>rarum</strong></span> <span class='ocrx_word' id='word_1_220' title='bbox 495 2734 719 2791; x_wconf 83' lang='lat' dir='ltr'><strong>agmen,</strong></span> <span class='ocrx_word' id='word_1_221' title='bbox 746 2716 898 2775; x_wconf 84' lang='lat' dir='ltr'><strong>fluxa</strong></span> <span class='ocrx_word' id='word_1_222' title='bbox 919 2736 1094 2787; x_wconf 90' lang='lat' dir='ltr'><strong>arma,</strong></span> <span class='ocrx_word' id='word_1_223' title='bbox 1117 2737 1324 2792; x_wconf 85' lang='lat' dir='ltr'><strong>segnes</strong></span> <span class='ocrx_word' id='word_1_224' title='bbox 1339 2719 1476 2795; x_wconf 88' lang='lat' dir='ltr'><strong>equi</strong></span> <span class='ocrx_word' id='word_1_225' title='bbox 1500 2742 1513 2777; x_wconf 76' lang='grc' dir='ltr'><strong><em>ε</em></strong></span> <span class='ocrx_word' id='word_1_226' title='bbox 1560 2720 1844 2795; x_wconf 84' lang='lat' dir='ltr'><strong>inpatiens</strong></span> <span class='ocrx_word' id='word_1_227' title='bbox 1872 2723 2034 2792; x_wconf 87' lang='lat' dir='ltr'><strong>solis,</strong></span> <span class='ocrx_word' id='word_1_228' title='bbox 2065 2722 2195 2800; x_wconf 86' lang='lat' dir='ltr'><strong>pul-</strong></span> 
     </span>
     <span class='ocr_line' id='line_1_31' title="bbox 272 2796 2195 2874; baseline 0.003 -21"><span class='ocrx_word' id='word_1_229' title='bbox 272 2796 456 2865; x_wconf 76' lang='lat' dir='ltr'><strong>veris,</strong></span> <span class='ocrx_word' id='word_1_230' title='bbox 510 2803 914 2872; x_wconf 83' lang='lat' dir='ltr'><strong>tempestatum</strong></span> <span class='ocrx_word' id='word_1_231' title='bbox 947 2819 961 2855; x_wconf 75' lang='grc' dir='ltr'><strong><em>ε</em></strong></span> <span class='ocrx_word' id='word_1_232' title='bbox 1024 2805 1416 2874; x_wconf 85' lang='lat' dir='ltr'><strong>quantumque</strong></span> <span class='ocrx_word' id='word_1_233' title='bbox 1456 2798 1639 2858; x_wconf 88' lang='lat' dir='ltr'><strong>hebes</strong></span> <span class='ocrx_word' id='word_1_234' title='bbox 1685 2802 1755 2858; x_wconf 85' lang='lat' dir='ltr'><strong>ad</strong></span> <span class='ocrx_word' id='word_1_235' title='bbox 1794 2803 2195 2868; x_wconf 68' lang='lat' dir='ltr'><strong>sustinendum</strong></span> 
     </span>
     <span class='ocr_line' id='line_1_32' title="bbox 273 2872 2215 2955; baseline 0.003 -23"><span class='ocrx_word' id='word_1_236' title='bbox 273 2875 536 2935; x_wconf 89' lang='lat' dir='ltr'><strong>laborem</strong></span> <span class='ocrx_word' id='word_1_237' title='bbox 564 2877 750 2946; x_wconf 88' lang='lat' dir='ltr'><strong>miles,</strong></span> <span class='ocrx_word' id='word_1_238' title='bbox 779 2883 933 2934; x_wconf 79' lang='lat' dir='ltr'><strong>tanto</strong></span> <span class='ocrx_word' id='word_1_239' title='bbox 976 2878 1044 2935; x_wconf 87' lang='lat' dir='ltr'><strong>ad</strong></span> <span class='ocrx_word' id='word_1_240' title='bbox 1090 2879 1407 2935; x_wconf 86' lang='lat' dir='ltr'><strong>discordias</strong></span> <span class='ocrx_word' id='word_1_241' title='bbox 1435 2882 1782 2955; x_wconf 83' lang='lat' dir='ltr'><strong>promptior.</strong></span> <span class='ocrx_word' id='word_1_242' title='bbox 1866 2872 2215 2940; x_wconf 82' lang='lat' dir='ltr'><strong>Accedebat&#39;</strong></span> 
     </span>
     <span class='ocr_line' id='line_1_33' title="bbox 274 2952 2199 3032; baseline 0.004 -21"><span class='ocrx_word' id='word_1_243' title='bbox 274 2952 389 3013; x_wconf 86' lang='lat' dir='ltr'><strong>huc</strong></span> <span class='ocrx_word' id='word_1_244' title='bbox 418 2955 675 3013; x_wconf 80' lang='lat' dir='ltr'><strong>Caecinae</strong></span> <span class='ocrx_word' id='word_1_245' title='bbox 716 2955 950 3013; x_wconf 89' lang='lat' dir='ltr'><strong>ambitio</strong></span> <span class='ocrx_word' id='word_1_246' title='bbox 974 2965 1163 3024; x_wconf 76' lang='lat' dir='ltr'><strong>vetuS,</strong></span> <span class='ocrx_word' id='word_1_247' title='bbox 1205 2964 1415 3032; x_wconf 73' lang='lat' dir='ltr'><strong>torpor</strong></span> <span class='ocrx_word' id='word_1_248' title='bbox 1458 2977 1688 3029; x_wconf 78' lang='lat' dir='ltr'><strong>recens,</strong></span> <span class='ocrx_word' id='word_1_249' title='bbox 1732 2962 1905 3018; x_wconf 89' lang='lat' dir='ltr'><strong>nimia</strong></span> <span class='ocrx_word' id='word_1_250' title='bbox 1945 2961 2199 3019; x_wconf 78' lang='lat' dir='ltr'><strong>fortunae</strong></span> 
     </span>
     <span class='ocr_line' id='line_1_34' title="bbox 274 3033 2191 3112; baseline 0.004 -22"><span class='ocrx_word' id='word_1_251' title='bbox 274 3033 627 3109; x_wconf 85' lang='lat' dir='ltr'><strong>indulgentia</strong></span> <span class='ocrx_word' id='word_1_252' title='bbox 671 3033 846 3092; x_wconf 89' lang='lat' dir='ltr'><strong>soluti</strong></span> <span class='ocrx_word' id='word_1_253' title='bbox 873 3034 930 3090; x_wconf 87' lang='lat' dir='ltr'><strong>in</strong></span> <span class='ocrx_word' id='word_1_254' title='bbox 959 3037 1200 3093; x_wconf 79' lang='lat' dir='ltr'><strong>luxum:</strong></span> <span class='ocrx_word' id='word_1_255' title='bbox 1248 3054 1349 3092; x_wconf 88' lang='lat' dir='ltr'><strong>seu</strong></span> <span class='ocrx_word' id='word_1_256' title='bbox 1397 3037 1698 3112; x_wconf 86' lang='lat' dir='ltr'><strong>perfidiam</strong></span> <span class='ocrx_word' id='word_1_257' title='bbox 1753 3040 2077 3097; x_wconf 84' lang='lat' dir='ltr'><strong>meditantis</strong></span> <span class='ocrx_word' id='word_1_258' title='bbox 2106 3040 2191 3097; x_wconf 88' lang='lat' dir='ltr'><strong>in·</strong></span> 
     </span>
     <span class='ocr_line' id='line_1_35' title="bbox 272 3111 2202 3187; baseline 0.003 -16"><span class='ocrx_word' id='word_1_259' title='bbox 272 3111 532 3187; x_wconf 80' lang='lat' dir='ltr'><strong>fringere</strong></span> <span class='ocrx_word' id='word_1_260' title='bbox 574 3114 868 3172; x_wconf 81' lang='lat' dir='ltr'><strong>exercitus</strong></span> <span class='ocrx_word' id='word_1_261' title='bbox 906 3113 1203 3181; x_wconf 86' lang='lat' dir='ltr'><strong>virtutem,</strong></span> <span class='ocrx_word' id='word_1_262' title='bbox 1236 3115 1389 3171; x_wconf 89' lang='lat' dir='ltr'><strong>inter</strong></span> <span class='ocrx_word' id='word_1_263' title='bbox 1435 3124 1588 3173; x_wconf 86' lang='lat' dir='ltr'><strong>artes</strong></span> <span class='ocrx_word' id='word_1_264' title='bbox 1636 3125 1781 3179; x_wconf 84' lang='lat' dir='ltr'><strong>erat.</strong></span> <span class='ocrx_word' id='word_1_265' title='bbox 1868 3118 2202 3176; x_wconf 84' lang='lat' dir='ltr'><strong>Credidere.</strong></span> 
     </span>
     <span class='ocr_line' id='line_1_36' title="bbox 273 3192 2197 3269; baseline 0.005 -22"><span class='ocrx_word' id='word_1_266' title='bbox 273 3192 563 3269; x_wconf 89' lang='lat' dir='ltr'><strong>plerique,</strong></span> <span class='ocrx_word' id='word_1_267' title='bbox 587 3193 772 3250; x_wconf 81' lang='lat' dir='ltr'><strong>Flavii</strong></span> <span class='ocrx_word' id='word_1_268' title='bbox 793 3192 984 3251; x_wconf 84' lang='lat' dir='ltr'><strong>Sabini</strong></span> <span class='ocrx_word' id='word_1_269' title='bbox 1013 3193 1268 3251; x_wconf 86' lang='lat' dir='ltr'><strong>consiliis</strong></span> <span class='ocrx_word' id='word_1_270' title='bbox 1291 3212 1620 3252; x_wconf 85' lang='lat' dir='ltr'><strong>concussam</strong></span> <span class='ocrx_word' id='word_1_271' title='bbox 1647 3195 1897 3254; x_wconf 80' lang='lat' dir='ltr'><strong>Caecinae</strong></span> <span class='ocrx_word' id='word_1_272' title='bbox 1920 3205 2197 3268; x_wconf 88' lang='lat' dir='ltr'><strong>mentem,</strong></span> 
     </span>
     <span class='ocr_line' id='line_1_37' title="bbox 275 3271 2193 3353; baseline 0.004 -25"><span class='ocrx_word' id='word_1_273' title='bbox 275 3271 538 3329; x_wconf 84' lang='lat' dir='ltr'><strong>ministro</strong></span> <span class='ocrx_word' id='word_1_274' title='bbox 566 3290 899 3331; x_wconf 88' lang='lat' dir='ltr'><strong>sermonum</strong></span> <span class='ocrx_word' id='word_1_275' title='bbox 928 3273 1152 3333; x_wconf 87' lang='lat' dir='ltr'><strong>Rubrio</strong></span> <span class='ocrx_word' id='word_1_276' title='bbox 1180 3273 1375 3343; x_wconf 78' lang='lat' dir='ltr'><strong>Galle,</strong></span> <span class='ocrx_word' id='word_1_277' title='bbox 1406 3280 1421 3307; x_wconf 89' lang='lat'>‘</span> <span class='ocrx_word' id='word_1_278' title='bbox 1448 3282 1568 3332; x_wconf 81' lang='lat' dir='ltr'><strong>rata</strong></span> <span class='ocrx_word' id='word_1_279' title='bbox 1596 3278 1743 3351; x_wconf 85' lang='lat' dir='ltr'><strong>apud</strong></span> <span class='ocrx_word' id='word_1_280' title='bbox 1774 3275 2193 3353; x_wconf 83' lang='lat' dir='ltr'><strong>Vespasianum</strong></span> 
     </span>
    </p>
   </div>
   <div class='ocr_carea' id='block_1_5' title="bbox 205 3485 2260 3749">
    <p class='ocr_par' dir='ltr' id='par_1_6' title="bbox 205 3485 2260 3749">
     <span class='ocr_line' id='line_1_38' title="bbox 205 3485 2188 3555; baseline 0.002 -16"><span class='ocrx_word' id='word_1_281' title='bbox 205 3522 220 3531; x_wconf 65' lang='lat'><strong>.</strong></span> <span class='ocrx_word' id='word_1_282' title='bbox 337 3503 375 3537; x_wconf 77' lang='lat' dir='ltr'><strong><em>x</em></strong></span> <span class='ocrx_word' id='word_1_283' title='bbox 409 3485 724 3538; x_wconf 84' lang='lat' dir='ltr'><strong>Hordeonius</strong></span> <span class='ocrx_word' id='word_1_284' title='bbox 745 3492 953 3542; x_wconf 78' lang='lat' dir='ltr'><strong>Flaccus</strong></span> <span class='ocrx_word' id='word_1_285' title='bbox 974 3506 1076 3540; x_wconf 83' lang='lat' dir='ltr'><strong>was</strong></span> <span class='ocrx_word' id='word_1_286' title='bbox 1097 3490 1364 3555; x_wconf 84' lang='lat' dir='ltr'><strong>appointed</strong></span> <span class='ocrx_word' id='word_1_287' title='bbox 1380 3491 1451 3554; x_wconf 88' lang='lat' dir='ltr'><strong>by</strong></span> <span class='ocrx_word' id='word_1_288' title='bbox 1473 3492 1641 3543; x_wconf 82' lang='lat' dir='ltr'><strong>Galba</strong></span> <span class='ocrx_word' id='word_1_289' title='bbox 1656 3499 1708 3543; x_wconf 88' lang='lat' dir='ltr'><strong>to</strong></span> <span class='ocrx_word' id='word_1_290' title='bbox 1737 3496 1824 3543; x_wconf 87' lang='lat' dir='ltr'><strong>the</strong></span> <span class='ocrx_word' id='word_1_291' title='bbox 1848 3495 2106 3545; x_wconf 85' lang='lat' dir='ltr'><strong>command</strong></span> <span class='ocrx_word' id='word_1_292' title='bbox 2128 3510 2188 3548; x_wconf 73' lang='lat' dir='ltr'><strong>qn</strong></span> 
     </span>
     <span class='ocr_line' id='line_1_39' title="bbox 273 3551 2260 3620; baseline -0.01 -5"><span class='ocrx_word' id='word_1_293' title='bbox 273 3555 359 3602; x_wconf 66' lang='lat'><strong>21¹0</strong></span> <span class='ocrx_word' id='word_1_294' title='bbox 381 3551 557 3614; x_wconf 76' lang='lat' dir='ltr'><strong>Upper</strong></span> <span class='ocrx_word' id='word_1_295' title='bbox 578 3556 762 3616; x_wconf 88' lang='lat' dir='ltr'><strong>Rhine,</strong></span> <span class='ocrx_word' id='word_1_296' title='bbox 784 3559 836 3606; x_wconf 88' lang='lat' dir='ltr'><strong>in</strong></span> <span class='ocrx_word' id='word_1_297' title='bbox 856 3561 941 3606; x_wconf 87' lang='lat' dir='ltr'><strong>the</strong></span> <span class='ocrx_word' id='word_1_298' title='bbox 964 3573 1101 3606; x_wconf 87' lang='lat' dir='ltr'><strong>room</strong></span> <span class='ocrx_word' id='word_1_299' title='bbox 1124 3560 1180 3607; x_wconf 85' lang='lat' dir='ltr'><strong>of</strong></span> <span class='ocrx_word' id='word_1_300' title='bbox 1205 3557 1471 3620; x_wconf 84' lang='lat' dir='ltr'><strong>Verginius</strong></span> <span class='ocrx_word' id='word_1_301' title='bbox 1494 3560 1673 3609; x_wconf 78' lang='lat' dir='ltr'><strong>Rufus.</strong></span> <span class='ocrx_word' id='word_1_302' title='bbox 2256 3575 2260 3579; x_wconf 93' lang='lat'>-</span> 
     </span>
     <span class='ocr_line' id='line_1_40' title="bbox 332 3617 2190 3693; baseline 0 -26"><span class='ocrx_word' id='word_1_303' title='bbox 332 3636 370 3684; x_wconf 69' lang='lat' dir='ltr'><em>y</em></span> <span class='ocrx_word' id='word_1_304' title='bbox 403 3617 601 3681; x_wconf 58' lang='lat' dir='ltr'><strong>Etesiis,</strong></span> <span class='ocrx_word' id='word_1_305' title='bbox 626 3636 762 3671; x_wconf 87' lang='lat' dir='ltr'><strong>were</strong></span> <span class='ocrx_word' id='word_1_306' title='bbox 782 3626 948 3693; x_wconf 72' lang='lat' dir='ltr'><strong>gentle</strong></span> <span class='ocrx_word' id='word_1_307' title='bbox 969 3625 1204 3673; x_wconf 87' lang='lat' dir='ltr'><strong>northern</strong></span> <span class='ocrx_word' id='word_1_308' title='bbox 1225 3623 1400 3682; x_wconf 72' lang='lat' dir='ltr'><strong>winda,</strong></span> <span class='ocrx_word' id='word_1_309' title='bbox 1420 3639 1545 3688; x_wconf 79' lang='lat' dir='ltr'><strong>very</strong></span> <span class='ocrx_word' id='word_1_310' title='bbox 1560 3641 1783 3674; x_wconf 83' lang='lat' dir='ltr'><strong>common</strong></span> <span class='ocrx_word' id='word_1_311' title='bbox 1808 3627 1855 3673; x_wconf 82' lang='lat' dir='ltr'><strong>in</strong></span> <span class='ocrx_word' id='word_1_312' title='bbox 1880 3627 1966 3673; x_wconf 82' lang='lat' dir='ltr'><strong>the</strong></span> <span class='ocrx_word' id='word_1_313' title='bbox 1999 3618 2190 3671; x_wconf 65' lang='lat' dir='ltr'><strong>monta·</strong></span> 
     </span>
     <span class='ocr_line' id='line_1_41' title="bbox 278 3683 1452 3749; baseline 0.003 -19"><span class='ocrx_word' id='word_1_314' title='bbox 278 3683 332 3730; x_wconf 77' lang='lat' dir='ltr'><strong>of</strong></span> <span class='ocrx_word' id='word_1_315' title='bbox 345 3687 511 3749; x_wconf 79' lang='lat' dir='ltr'><strong>spring</strong></span> <span class='ocrx_word' id='word_1_316' title='bbox 532 3687 628 3736; x_wconf 83' lang='lat' dir='ltr'><strong>and</strong></span> <span class='ocrx_word' id='word_1_317' title='bbox 649 3695 875 3740; x_wconf 82' lang='lat' dir='ltr'><strong>autumn.</strong></span> <span class='ocrx_word' id='word_1_318' title='bbox 908 3690 1176 3741; x_wconf 83' lang='lat' dir='ltr'><strong>Lucretius</strong></span> <span class='ocrx_word' id='word_1_319' title='bbox 1198 3694 1246 3740; x_wconf 85' lang='lat'><strong>5.</strong></span> <span class='ocrx_word' id='word_1_320' title='bbox 1269 3703 1320 3737; x_wconf 73' lang='lat' dir='ltr'><strong>v,</strong></span> <span class='ocrx_word' id='word_1_321' title='bbox 1338 3689 1452 3738; x_wconf 75' lang='lat'><strong>741.</strong></span> 
     </span>
    </p>
   </div>
  </div>
 </body>
</html>
