2459 4075
266 219 322 262 s.
354 220 416 263 c.
444 208 543 263 68.
785 203 1111 263 HISTOR.
1154 203 1308 263 LlB.
1353 198 1677 262 PRIMUS.
1799 194 1812 200 ⁴
2103 199 2184 260 33

269 346 678 419 Centuriones,
720 348 796 407 de
824 352 1025 427 quibus
1051 369 1228 428 supra
1249 350 1568 418 retulimus,
1596 345 1787 406 occidi
1812 345 2002 423 jussit,
2027 343 2182 406 dam·
2245 409 2248 412 Α

275 435 433 486 natos
453 428 585 488 fidei
612 431 881 501 crimine,
918 432 1256 507 gravissimo
1284 433 1439 489 inter
1476 429 1893 487 desciscentes.
1976 424 2188 489 Acce·-

272 526 405 567 sere
431 510 692 585 partibus
721 510 993 570 Valerius
1031 512 1337 581 Asiaticus,
1381 509 1630 585 Belgicus
1667 505 1986 585 provinciae
2013 502 2193 579 Lega-
2441 531 2459 586 ιι

271 593 384 657 tus,
412 608 588 663 quem
623 609 759 648 mox
788 589 1063 650 Vitellius
1095 610 1381 670 generum
1408 587 1685 649 adscivit:
1730 594 1792 647 et
1815 584 2026 644 Junius
2048 583 2195 644 Blae·
2314 625 2324 635 -

271 686 394 737 sm,
422 668 820 745 Lugdunensis
862 670 1072 733 Galliae
1099 679 1318 741 rector,
1361 690 1495 730 cum
1524 668 1721 727 Italica
1759 667 1992 745 legione
2024 670 2086 723 et
2111 662 2200 721 ula

277 748 559 820 Taurina,
588 750 849 825 Lugduni
877 752 1265 810 tendentibus.
1298 750 1379 830 (l)
1462 750 1594 809 Nec
1625 748 1686 807 in
1715 745 1992 805 Rhaeticis
2013 743 2201 821 copiis

277 829 461 898 moi-a,
489 849 610 907 quo
655 831 843 889 minus
884 832 1074 892 statim
1109 831 1578 908 adjungerentur.
1664 827 1760 887 Ne
1805 827 1868 886 in
1905 824 2204 885 Britannia

278 909 511 985 quidem
539 911 877 969 dubitatum.
1673 937 1692 952 ·

358 987 484 1047 LX.
531 990 789 1050 Praeerat
816 991 1157 1051 Trebellius
1185 991 1495 1062 Maximae,
1522 1010 1635 1069 per
1661 987 1955 1049 avaritiam
1981 1004 2049 1044 ac
2075 1003 2201 1043 sor·

275 1067 384 1126 des
426 1077 793 1147 contemptus
831 1073 1118 1130 exercitui
1158 1071 1518 1146 invisusque.
1601 1069 1972 1128 Accendebat
2010 1066 2206 1123 odium

281 1147 414 1223 ejus
443 1148 692 1206 Roscius
720 1148 952 1217 Coelius,
994 1151 1247 1224 Legatus
1287 1151 1581 1208 vicesimae
1600 1147 1867 1223 legionis,
1915 1146 2054 1203 olim
2089 1145 2204 1203 dis·

287 1243 454 1292 cors,
483 1227 588 1282 sed
615 1227 923 1284 occasione
945 1227 1209 1286 civilium
1230 1246 1519 1285 armorum
1558 1229 1811 1286 atrocius
1836 1231 2206 1302 proruperat.

290 1303 635 1363 Trebellius
682 1313 697 1339 ‘
724 1306 1069 1365 seditionem
1122 1315 1181 1367 et
1212 1306 1515 1366 confusum
1557 1307 1821 1364 ordinem
1868 1302 2208 1379 disciplinae’

285 1382 520 1456 Caelio;
587 1392 604 1419 ‘
633 1386 904 1461 spoliatas
951 1394 1011 1445 et
1056 1387 1261 1464 inopes
1308 1389 1589 1464 legiones’
1637 1386 1857 1445 Caelius
1906 1381 2214 1442 Trebellio

291 1464 622 1540 objectabat
648 1489 661 1523 ε
722 1485 856 1525 cum
908 1468 1138 1526 interim
1185 1467 1356 1527 foedis
1404 1469 1749 1544 Legatorum
1802 1463 2212 1525 certaminibus

280 1545 564 1605 modestia
589 1547 883 1605 exercitus
926 1556 1228 1626 conrupta,
1273 1569 1463 1626 eoque
1510 1547 1818 1607 discordias
1844 1553 2107 1615 ventum,
2144 1550 2210 1603 ut

288 1625 658 1686 auxiliarium
704 1647 936 1703 quoque
978 1630 1222 1688 militum
1274 1630 1551 1688 conviciis
1579 1630 1975 1707 proturbatus,
2003 1633 2086 1692 et,
2115 1623 2211 1682 ad-

283 1707 651 1781 gregantibus
677 1726 743 1765 se
771 1707 959 1766 Caelio
979 1710 1318 1769 cohortibus
1346 1712 1590 1787 alisque,
1617 1711 1884 1768 desertus
1914 1703 2214 1765 Trebelli-

291 1804 358 1844 us
405 1788 474 1843 ad
515 1786 816 1847 Vitellium
857 1789 1220 1865 perfugerit:
1267 1791 1432 1865 quies
1470 1791 1813 1867 provincias,
1869 1804 2215 1863 quamquam

293 1873 517 1924 remoto
546 1866 876 1939 Consulari‚
904 1871 1145 1928 mansit:
1193 1890 1409 1929 rexere
1431 1871 1631 1944 Legati
1659 1870 1948 1945 legionum
1976 1889 1993 1940 3
2038 1884 2215 1943 pares

276 1947 441 2024 jure,
470 1946 687 2006 Caelius
716 1948 973 2007 audendo
1004 1951 1318 2026 potentior.

374 2026 532 2101 LXI.
577 2028 859 2105 Adjuncto
897 2029 1233 2088 Britannico
1273 2028 1563 2097 exercitu,
1599 2027 1796 2104 ingens
1841 2025 2062 2084 viribus
2092 2026 2214 2101 opi·

295 2108 520 2182 busque
543 2107 842 2175 Vitellius,
869 2108 1015 2165 duos
1042 2110 1267 2177 Duces,
1310 2111 1426 2165 duo
1473 2109 1682 2164 itinera
1704 2107 1863 2164 bello
1891 2104 2215 2162 destinavit.

295 2188 513 2246 Fabius
539 2187 764 2245 Valens
787 2193 802 2217 ‘
831 2185 1109 2253 adlicere,
1132 2187 1256 2253 vel,
1282 2189 1332 2242 si
1359 2187 1698 2253 abnuerent,
1725 2191 1953 2242 vastare
1981 2182 2220 2254 Gallias,

291 2275 353 2327 et
372 2266 659 2324 Cottianis
697 2264 942 2340 Alpibus
972 2263 1192 2348 Italiam
1222 2265 1562 2339 inrumpere
1587 2264 1625 2320 τ’
1669 2263 1909 2320 Caecina
1934 2269 1951 2294 ⁴
1982 2256 2219 2338 propio·

297 2355 315 2384 ‘
339 2367 407 2407 re
437 2344 706 2414 transitu,
761 2342 997 2402 Peninis
1027 2343 1474 2421 jugis-degredi'
1514 2343 1730 2420 jussus.
1816 2340 2052 2400 Valenti
2079 2340 2221 2399 infe·

295 2428 470 2488 rioris
489 2426 785 2485 exercitus
813 2424 1012 2493 electi,
1049 2444 1183 2484 cum
1210 2426 1401 2502 aquila
1422 2425 1636 2501 quintae
1666 2422 1909 2499 legionis
1931 2429 1992 2479 et
2011 2421 2221 2479 cohor·

298 2510 451 2569 tibus
473 2508 718 2584 alisque,
742 2506 811 2563 ad
839 2506 1207 2581 quadraginta
1236 2507 1415 2564 millia
1441 2513 1787 2563 armatorum
1815 2504 1943 2562 data
1965 2525 1992 2563 z„
2025 2502 2224 2578 trigin-

298 2597 358 2649 ta
395 2588 572 2646 millia
619 2588 857 2645 Caecina
883 2604 919 2644 e
959 2587 1262 2663 superiore
1298 2585 1614 2645 Germania
1658 2585 1952 2654 ducebat,
1978 2602 2225 2661 quorum
2425 2596 2442 2627 δ

302 2670 485 2729 robur
528 2669 684 2744 legio
710 2685 842 2736 una,
892 2665 1080 2741 prima
1124 2675 1185 2725 et
1231 2667 1533 2736 vicesima,
1562 2665 1670 2726 fuit
1697 2689 1710 2724 z
1741 2662 1947 2725 ”addita
1986 2663 2221 2742 utrique

302 2750 728 2808 Germanorum
757 2746 988 2816 auxilia,
1018 2766 1052 2804 e
1072 2746 1282 2822 quibus
1311 2747 1583 2808 Vitellius
1605 2766 1735 2807 suas
1764 2765 1997 2824 quoque
2025 2736 2222 2824 copias

303 2831 621 2907 supplevit,
650 2833 770 2887 tota
790 2826 944 2885 mole
972 2827 1113 2886 belli
1141 2830 1466 2888 secuturus.

380 2909 570 2968 LXII.
614 2908 768 2966 Mira
811 2907 967 2965 inter
992 2910 1316 2968 exercitum
1338 2910 1876 2987 Imperatoremque
1896 2907 2221 2965 diversitas.

303 2991 528 3050 Instare
554 2988 745 3055 miles,
787 3005 942 3046 arma
1010 3006 1241 3059 escere,
1274 2997 1291 3023 ‘
1315 2989 1452 3048 dum
1487 2990 1698 3050 Galliae
1730 2984 2047 3067 t‘repident,
2088 2987 2226 3046 dum

305 3079 326 3105 ⁸
354 3066 655 3146 Hispanias
699 3009 1076 3128 cunctentiir:
1122 3090 1239 3129 non
1278 3071 1509 3128 obstare
1551 3070 1809 3127 hiemem
1851 3086 2042 3142 neque
2070 3068 2226 3142 igna-

304 3159 322 3186 ‘
345 3170 440 3211 vae
458 3148 616 3226 pacis
638 3165 825 3206 moras
848 3169 862 3204 τ
907 3150 1288 3211 invadendam
1308 3148 1552 3219 Italiam,
1566 3148 1958 3226 occupandam
1978 3148 2186 3205 urbem
2208 3171 2223 3208 t

185 3248 207 3271 ’
304 3238 320 3267 ⁸
351 3231 495 3291 nihil
531 3230 593 3288 in
632 3228 936 3292 discordiis
982 3231 1254 3291 civilibus
1300 3229 1666 3289 festinatione
1713 3228 1909 3297 tutius,
1951 3226 2050 3284 ubi
2078 3226 2228 3288 facto

308 3319 328 3348 ⁸
354 3312 553 3387 magis,
583 3329 755 3387 quam
799 3314 1064 3373 consulto
1120 3330 1266 3387 opus
1294 3311 1495 3369 esset?
1581 3310 1888 3386 Torpebat
1933 3307 2231 3382 Vitellius,

306 3400 368 3452 et
393 3390 679 3452 fortunam
707 3388 1074 3473 Principatus
1110 3390 1286 3450 inerti
1305 3391 1449 3450 luxu
1476 3410 1542 3450 ac
1572 3390 1829 3468 prodigis
1857 3389 2045 3466 epulis
2074 3408 2229 3465 prae-

368 3574 390 3629 ¹
421 3572 539 3622 The
561 3571 847 3625 Taurini&
880 3573 1139 3634 ⁸‘madi-ou
1174 3584 1288 3620 was
1316 3586 1371 3623 ιο
1410 3567 1581 3618 called
1607 3566 1739 3618 from
1770 3567 1859 3616 the
1892 3562 2134 3617 Taurini,
2167 3574 2227 3608 or

305 3640 486 3705 people
506 3638 567 3690 of
581 3637 766 3691 Turin.
833 3636 1163 3704 Lugdunum,
1184 3651 1221 3687 a
1235 3636 1343 3757 ebity
1362 3636 1420 3687 of
1431 3634 1641 3687 ancient
1658 3633 1820 3692 Gaul,
1838 3641 1955 3719 now
1976 3625 2160 3681 Lyons.
