2459 4075
68 0 74 34 s
107 0 2406 59 *pff-*W

60 39 73 364 ί
268 214 321 253 J.
353 214 412 252 c.
445 197 540 252 67.
799 189 1126 250 HISTOR.
1174 190 1331 250 LlB.
1378 190 1696 251 PRIMUS.
2154 189 2195 247 ὅ

271 338 469 409 lidum,
499 338 635 416 quid
662 355 883 413 aegrum
911 336 1126 410 fuerit;
1168 344 1235 396 ut
1275 356 1390 396 uon
1432 341 1604 398 modo
1630 354 1800 395 casus
1830 343 2191 413 eventusque

153 412 161 419 ’
272 436 486 488 rerum,
516 418 617 495 qui
644 419 996 495 plerumque
1017 415 1238 476 fortuiti
1261 424 1414 485 sunt,
1435 418 1536 477 sed
1561 417 1709 476 ratio
1733 417 1908 474 etiam
1946 434 2191 474 caussas·

269 517 380 574 que
422 505 757 558 noscantur.
839 496 1003 555 Finis
1050 496 1305 557 Neronis
1356 504 1419 555 ut
1455 499 1658 567 laetus,
1706 497 1900 574 primo
1941 495 2193 570 gauden-

265 577 405 635 tium
433 576 663 654 inpetu,
687 576 900 654 fuerat,
948 578 1027 634 ita
1051 577 1243 636 varios
1272 584 1462 637 motus
1492 578 1834 646 animorum,
1881 594 2000 633 non
2028 571 2198 631 modo

260 656 323 715 in
347 659 525 727 urbe,
565 657 716 734 apud
744 657 974 726 Patres,
1017 664 1112 716 aut
1146 659 1450 734 populum.
1479 665 1576 715 aut
1615 657 1900 716 urbanum
1926 653 2197 721 militem,

263 736 368 794 sed
388 755 605 795 omnes·
618 737 878 813 legiones
918 737 1235 815 Ducesque
1276 739 1658 797 conciverat:
1704 734 1972 811 evulgato
2005 734 2200 808 lmpe·

260 815 335 873 rii
362 826 632 886 arcanos
655 815 747 896 (n)
776 836 950 893 posse
999 815 1332 894 Principem
1380 819 1537 888 alibi,
1584 836 1756 895 quam
1803 814 2005 873 Romae
2038 810 2193 876 fieri.

263 894 381 951 Sed
407 894 618 954 Patres
637 896 782 966 laeti,
810 906 1083 972 usurpata
1117 897 1305 954 statim
1332 898 1627 966 libertate,
1650 896 1940 962 licentium,
1969 901 2031 953 ut
2059 910 2200 967 erga

262 973 601 1053 Principem
654 974 900 1033 novum‘
920 985 981 1035 et
1031 977 1364 1047 absentem3
1432 977 1522 1067 (o)
1577 976 1868 1052 primores
1915 973 2196 1051 Equitum

256 1054 513 1131 preximi
534 1055 742 1130 gaudio
766 1055 1002 1114 Patrum
1029 1077 1045 1126 3
1087 1075 1222 1132 pars
1245 1057 1448 1132 populi
1489 1063 1735 1130 integra,
1765 1061 1825 1112 et
1849 1053 2064 1128 magnis
2090 1052 2195 1109 do·

254 1133 451 1191 mibus
474 1152 720 1201 annexa,
747 1132 849 1210 (p)
871 1135 1116 1192 clientes
1134 1134 1454 1207 libertique
1489 1134 1900 1191 damnatorum·
1928 1139 1990 1190 et
2023 1149 2196 1191 exsu-

251 1213 408 1279 lum,
438 1211 498 1266 in
527 1228 695 1284 spem
717 1211 901 1267 erecti
924 1232 939 1266 2
985 1211 1153 1283 plebs
1180 1209 1414 1266 sordida'
1440 1220 1501 1267 et
1525 1212 1687 1269 circo
1715 1230 1781 1268 ac
1803 1211 2044 1269 theatris
2061 1228 2196 1268 sue·

234 1297 337 1358 da,
368 1289 542 1347 simul
566 1287 872 1345 deterrimi
895 1305 1224 1355 servorum,
1269 1293 1366 1344 aut
1388 1288 1508 1364 qui,
1532 1288 1720 1346 adesis
1746 1290 1937 1358 bonis,
1964 1307 2077 1365 per
2095 1289 2197 1345 de·

255 1368 443 1427 decus
473 1366 732 1424 Neronis
756 1367 1080 1435 alebantur,
1099 1367 1285 1425 maesti
1315 1375 1377 1423 et
1402 1386 1706 1425 rumorum
1733 1366 1909 1425 avidi.
2033 1385 2044 1394 ·

341 1446 416 1503 V.
462 1445 638 1503 Miles
662 1446 935 1515 urhanm,
969 1443 1059 1525 (q)
1100 1446 1270 1521 longo
1300 1444 1601 1505 Cassarum
1642 1453 2002 1506 sacramento
2029 1445 2197 1504 iubu-

160 1533 165 1540 '
251 1535 372 1595 tus,
397 1533 457 1584 et
472 1525 544 1583 ad
563 1523 990 1584 destituendum
1011 1525 1314 1586 Neronem
1333 1532 1457 1584 arte
1478 1526 1659 1602 magis
1680 1526 2003 1604 etinpulsu‚
2022 1543 2199 1603 quam

236 1624 364 1682 ‘suo
390 1604 640 1680 iugenio,
669 1606 985 1675 traductus,
1009 1614 1313 1684 postquam
1334 1624 1527 1683 neque
1549 1606 1677 1663 dari
1704 1606 2062 1676 donativum,
2086 1606 2195 1664 sub

256 1685 492 1745 nomine
539 1684 746 1745 Galbae
774 1686 1141 1763 promissum,
1184 1696 1387 1761 neque
1412 1686 1633 1761 magnis
1675 1687 1900 1747 meritis
1928 1705 1995 1744 ac
2038 1702 2194 1761 prae·

252 1764 388 1823 miis
411 1764 658 1822 eundem
680 1764 740 1822 in
775 1785 945 1843 pace,
981 1785 1154 1841 quem
1181 1766 1243 1823 in
1262 1765 1445 1833 bello,
1468 1766 1687 1836 locum,
1706 1773 2195 1842 praeventamque

255 1843 494 1920 gratiam
509 1844 781 1919 intelligit
800 1845 953 1923 apud
963 1845 1333 1920 Principem,
1358 1862 1391 1901 a
1409 1845 1740 1919 legionibus
1757 1845 2011 1916 factunm
2056 1862 2195 1919 pro·

258 1941 368 1982 nus
390 1924 459 1981 ad
483 1941 664 1982 novas
690 1943 810 1994 res,
850 1924 1078 1983 scelere
1121 1925 1367 1998 insuper
1412 1921 1569 2000 Nym
1615 1924 1761 1982 hidii
1803 1924 2000 1983 Sabini
2031 1923 2195 1982 Prae-

257 1999 420 2073 secti,
465 2002 786 2081 Imperium
805 2003 915 2063 sibi
942 2003 1258 2071 molientis,
1286 2001 1547 2078 agitatur.
1630 2011 1655 2063 t
1682 2004 2076 2081 Nymphidius
2104 2000 2200 2081 (r)

260 2082 498 2158 quidem
530 2082 596 2140 in
608 2081 750 2157 -ipso
778 2089 986 2140 conatu
1014 2100 1340 2158 oppressus.
1364 2104 1380 2138 z
1426 2083 1553 2151 sed,
1583 2085 1850 2157 quamvis
1871 2083 2065 2158 capite
2093 2083 2196 2138 de·
2229 2119 2246 2125 -

254 2160 530 2222 fectionis
570 2161 809 2228 ablatos
827 2160 1092 2216 manebat
1140 2158 1443 2241 plerisque
1499 2160 1748 2218 militum
1795 2159 2152 2219 conscientia
2175 2183 2196 2235 ς

162 2276 171 2289 ,
251 2257 371 2311 nec
384 2239 966 2303 deerantsermones,
985 2234 1233 2294 ‘senium
1247 2243 1422 2312 atque
1441 2238 1745 2304 avaritiam
1756 2239 1982 2300 Galbae’
2003 2240 2197 2298 inere.-

251 2316 542 2396 pantium.
598 2313 879 2378 *Laudata
903 2314 1039 2374 olim
1063 2322 1124 2374 et
1149 2312 1382 2374 militari
1410 2314 1559 2374 tama
1585 2317 1888 2376 celebrata
1912 2317 2197 2379 severitas

256 2395 390 2471 ejus
416 2393 500 2474 (s)
523 2396 765 2470 augebat
777 2394 1190 2471 adspernantes
1213 2401 1479 2455 veterem
1501 2396 1891 2473 disciplinam,
1925 2404 2098 2474 atque
2117 2398 2198 2457 ita

255 2473 401 2533 XIV
428 2474 645 2532 annisa
668 2474 729 2531 N
732 2475 1317 2546 eroneadsuefactos,
1345 2483 1411 2536 ut
1434 2475 1588 2535 haud
1609 2476 1802 2543 minus
1844 2478 1986 2538 vitia
2025 2475 2193 2538 Prin-

256 2555 454 2631 cipum
482 2561 761 2625 amarent‚
805 2574 974 2630 quam
998 2549 1152 2615 olim'-
1173 2557 1422 2615 virtutes
1461 2558 1842 2616 verebantur.
1921 2557 2196 2619 Accessit

253 2632 626 2711 Galbae-vox,
671 2652 781 2711 pro
811 2634 1139 2711 Republica
1183 2637 1446 2707 honesta,
1469 2636 1584 2712 ipsi
1608 2654 1844 2713 anceps,
1876 2646 1891 2673 ⁶
1923 2639 2040 2716 legi
2065 2658 2192 2704 ase

255 2718 273 2749 ‘
301 2712 569 2782 militem,
588 2713 892 2772 nonemi?
1307 2767 1316 2783 -.
2091 2777 2096 2782 ,

337 2790 441 2848 VI.
486 2789 617 2849 Nec
654 2793 812 2850 enim
830 2793 901 2850 ad
927 2793 1073 2853 hanc
1102 2793 1342 2852 formam
1367 2801 1572 2855 cetera
1591 2803 1780 2855 erant.
1805 2840 1810 2851 .
1862 2797 2190 2857 Invalidum

256 2886 459 2930 senem
485 2869 563 2929 T.
594 2869 800 2929 Vinius
822 2878 884 2928 et
909 2870 1218 2931 Cornelius
1248 2872 1425 2944 LacO,
1453 2874 1604 2932 alter
1647 2875 2002 2936 deterrimus
2026 2895 2188 2935 mor·-

196 3143 207 3151 ἡ
324 3098 364 3133 n
395 3080 658 3149 Evulgato,
684 3093 767 3137 etc.
810 3090 853 3137 A
895 3103 1012 3138 new
1049 3089 1283 3152 political
1321 3094 1493 3140 secret
1529 3090 1724 3154 having
1746 3091 1878 3140 been
1913 3092 2176 3160 divulged,

254 3151 371 3200 that
390 3163 455 3198 an
475 3149 729 3215 Emperor.
748 3153 910 3216 might
928 3154 997 3208 he
1020 3154 1171 3203 made
1183 3156 1467 3205 elsewhere
1486 3156 1611 3205 than
1629 3161 1685 3207 at
1708 3154 1894 3206 Rome.

322 3230 353 3264 o
383 3213 573 3280 Galba,
597 3218 712 3269 who
735 3219 836 3268 had
859 3224 952 3267 not
973 3219 1178 3268 arrived
1199 3219 1330 3269 from
1352 3221 1526 3283 Spain.
1603 3250 1610 3255 -

311 3297 354 3346 p
388 3280 468 3345 By
481 3282 576 3343 ‚the
593 3285 917 3338 attachment
931 3283 992 3332 of
1015 3283 1298 3347 friendship
1318 3301 1378 3335 or
1400 3285 1754 3348 relationship.
1827 3312 1832 3329 2
1866 3310 1872 3315 ·

319 3363 355 3411 q
388 3345 503 3395 The
523 3350 798 3411 praetorian
818 3350 1006 3413 guarda
1023 3349 1123 3396 had
1146 3349 1323 3399 shown
1337 3352 1658 3415 themselves,
1680 3356 1740 3400 at
1756 3353 1829 3402 all
1849 3353 2015 3416 times,
2023 3353 2177 3404 «firm-

253 3410 306 3477 ly
330 3411 573 3463 attaohod
594 3419 649 3462 to
667 3414 755 3462 the
776 3412 1055 3463 Csesarean-
1068 3414 1266 3477 family.

322 3493 352 3525 r
385 3476 490 3526 For
512 3485 822 3528 an-aecount
842 3479 901 3528 of
915 3480 962 3528 N
964 3479 1411 3542 ymphidinwand
1432 3482 1512 3531 his
1540 3483 1658 3531 rash
1681 3481 1950 3544 ambitioni,
1969 3496 2056 3530 see
2087 3481 2177 3538 the

255 3540 538 3606 Appendix
556 3547 609 3592 to
628 3544 718 3592 the
739 3544 995 3593 si'xteenth
1009 3544 1140 3593 book
1159 3545 1216 3593 os
1224 3546 1316 3594 the
1340 3548 1554 3606 annale,
1565 3546 1708 3594 Mur.
1725 3545 1867 3592 (Pac.
1979 3576 1983 3585 ,

320 3622 355 3658 s.
380 3607 496 3656 'Phe
518 3608 694 3671 rigour
715 3609 844 3658 with
865 3608 1037 3657 which
1060 3608 1531 3672 Galbarsupported
1551 3608 1651 3657 aud
1674 3607 1921 3660 esifon-ced
1952 3605 2183 3658 militar!

250 3671 530 3739 discipline
551 3674 594 3723 is
615 3673 780 3725 stated
801 3673 868 3739 by
891 3672 1184 3737 Suetonius,
1205 3673 1261 3723 in
1282 3673 1472 3747 Galba,
1493 3686 1532 3722 s.
1554 3671 1623 3731 vi.
1767 3702 1778 3707 ,

58 3760 63 3813 Ι
