2459 4075
321 125 399 184 94
921 130 992 189 C.
1036 126 1287 189 CORN.
1334 129 1643 190 TACITI.
1834 150 1892 190 A.
1923 147 1983 188 υ.
2014 147 2070 188 c.
2103 133 2237 189 822.

317 270 486 330 tulit:
533 289 648 330 non
692 281 807 332 tam
828 276 1086 356 praemiis
1113 275 1534 352 periculorum,
1583 295 1755 354 quam
1778 275 1922 353 ipsis
1964 275 2244 353 periculis
2304 253 2309 257 ⁴

316 351 521 410 laetus:
567 371 678 430 pro
706 354 882 412 certis
910 363 972 413 et
1016 356 1157 416 olim
1199 357 1380 434 partis
1429 373 1600 425 nova,
1646 356 1928 431 ambigua,
1976 355 2247 433 ancipitia

319 432 585 491 malebat.
702 432 884 509 Igitur
934 453 1177 495 movere
1231 442 1295 495 et
1354 442 1620 514 quatere,
1672 434 1949 513 quidquid
2001 453 2244 512 usquam

219 584 229 591 ⁸
316 531 533 588 aegrum
561 511 736 583 foret,
779 513 1208 589 adgrediuntur.
1231 513 1331 595 (β)
1415 515 1664 593 Scriptae
1692 516 1752 575 in
1793 514 2144 574 Britanniam
2171 514 2247 573 ad

315 591 871 669 quartadecimanos,
941 597 997 654 in
1051 595 1390 673 Hispaniam
1444 595 1514 652 ad
1581 596 1901 672 primanos·
1937 594 2244 672 epistolae3

317 672 472 750 quod
519 679 760 751 utraque
812 673 966 750 legio
994 695 1106 752 pro
1151 674 1409 744 Othone,
1451 674 1696 734 adversa
1736 674 1978 734 Vitellio
2016 672 2243 733 fuerat:

315 761 664 830 sparguntur
719 771 831 829 per
889 754 1110 814 Gallias
1176 757 1430 815 litterae:
1499 763 1908 833 momentoque
1962 754 2244 830 temporis

315 832 591 908 flagrabat
615 833 816 908 ingens
842 834 1081 905 bellum,
1116 834 1369 915 Illyricis
1410 835 1766 894 exercitibus
1815 835 2005 913 palam
2028 833 2244 893 descis-

314 912 598 983 centibuS,
626 913 844 972 ceteris
871 912 1155 980 fortunam
1177 914 1488 975 secuturis.
1786 965 1807 971 -

393 990 757 1050 LXXXVII.
805 993 955 1052 Dum
977 995 1106 1054 haeo
1130 1015 1241 1072 per
1268 993 1597 1072 provincias
1618 1014 1653 1053 a
1678 993 2037 1069 Vespasiano
2067 992 2247 1051 Duci-

311 1072 539 1149 busque
593 1073 843 1150 partium
890 1081 1195 1150 geruntur,
1251 1071 1525 1133 Vitellius
1573 1072 1963 1149 contemptior
2012 1073 2072 1131 in
2117 1072 2243 1131 dies

310 1152 686 1230 segniorque‚
702 1154 772 1211 ad
794 1172 994 1213 omnes
1015 1155 1458 1233 municipiorum
1485 1153 1865 1230 villarumque
1887 1152 2245 1211 amoenitates

310 1233 612 1304 resistenS,
651 1234 816 1310 gravi
861 1237 1069 1293 urbem
1114 1236 1338 1311 agmine
1379 1234 1634 1311 petebat.
1719 1234 2023 1308 Sexaginta
2067 1232 2248 1291 millia

313 1320 659 1372 armatorum
707 1316 1119 1390 sequebantur,
1165 1314 1401 1373 licentia
1446 1321 1764 1390 conrupta:
1826 1314 2088 1371 calonum
2134 1330 2240 1370 nu·

313 1412 508 1450 merus
550 1392 834 1467 amplior:
880 1393 1305 1467 procacissimis
1333 1393 1507 1451 etiam
1547 1395 1701 1451 inter
1740 1410 1948 1451 servos
1994 1392 2244 1450 lixarum

312 1471 593 1545 ingeniis:
637 1478 725 1529 tot
758 1472 1104 1545 Legatoruin
1132 1473 1566 1548 amicorumque
1614 1472 1938 1541 comitatus,
1974 1471 2244 1530 inhabilis

313 1551 382 1608 ad
410 1551 750 1626 parendum,
799 1550 971 1608 etiam
1018 1551 1066 1609 si
1112 1565 1335 1611 summa
1360 1552 1641 1612 modestia
1667 1559 1995 1627 regeretur.
2081 1549 2241 1609 One·

315 1630 514 1688 rabant
540 1629 962 1689 multitudinem
991 1632 1146 1690 obvii
1189 1649 1267 1692 ex
1293 1633 1442 1690 urbe
1472 1631 1781 1690 Senatores
1831 1631 2200 1708 Equitesque
2224 1654 2240 1688 ε

314 1708 543 1787 quidam
569 1716 751 1779 metu,
779 1711 943 1769 multi
985 1730 1100 1787 per
1138 1711 1545 1780 adulationem,
1594 1710 1781 1770 ceteri
1828 1730 1896 1769 ac
1943 1710 2246 1788 paullatim

315 1808 656 1859 omneS,ne‚
685 1790 810 1848 aliis
845 1791 1372 1867 proficiscentibus,
1400 1791 1510 1868 ipsi
1535 1797 1926 1848 remanerent.
2011 1790 2243 1865 Adgre-

310 1869 592 1945 gabantur
631 1888 666 1928 e
707 1870 907 1947 plebe,
936 1870 1214 1947 flagitiosa
1247 1890 1361 1949 per
1385 1869 1669 1948 obsequia
1716 1870 1961 1928 Vitellio
2007 1870 2246 1945 cogniti,

312 1967 559 2019 scurrae,
586 1948 922 2022 histriones,
969 1951 1209 2029 aurigae,
1241 1952 1449 2030 quibus
1497 1951 1600 2008 ille
1643 1950 2020 2008 amicitiarum
2062 1949 2251 2008 deho-

313 2030 685 2091 nestamentis
725 2030 874 2091 mire
899 2033 1202 2108 gaudebat.
1289 2032 1420 2091 Nec
1458 2030 1703 2091 coloniae
1734 2031 1927 2101 mode,
1977 2037 2072 2089 aut
2117 2048 2249 2089 mu-

313 2110 549 2188 nicipia,
577 2121 854 2189 congestu
895 2115 1194 2192 copiarum
1234 2113 1327 2194 (k)
1352 2113 1457 2172 sed
1504 2111 1616 2190 ipsi
1663 2111 1921 2170 cultores
1965 2129 2252 2187 arvaque,

315 2192 552 2251 maturis
574 2192 697 2268 jam
724 2192 1008 2269 frugibus,
1036 2204 1101 2254 ut
1126 2194 1338 2253 hostile
1366 2196 1553 2252 solum
1578 2190 1964 2250 vastabantur.

395 2271 787 2330 LXXXVIII.
829 2274 1035 2333 Multae
1065 2280 1127 2331 et
1165 2280 1392 2330 atroces
1438 2273 1595 2330 inter
1639 2289 1705 2328 se
1752 2271 1993 2329 militum
2027 2271 2257 2344 caedes,

318 2361 451 2429 post
494 2352 838 2411 seditionem
897 2352 1090 2408 Ticini
1138 2358 1388 2425 coeptam
1436 2356 1705 2408 manente
1752 2350 2041 2424 legionum
2083 2353 2258 2410 auxi-

317 2432 645 2507 liorumque
672 2428 1000 2500 discordia3
1044 2428 1143 2485 ubi
1181 2430 1458 2488 adversus
1506 2447 1754 2505 paganos
1795 2430 2131 2488 certandum
2162 2430 2260 2489 fo-

318 2518 434 2582 ret,
483 2527 789 2569 consensu.
875 2507 987 2564 Sed
1026 2507 1275 2585 plurima
1300 2515 1519 2583 strages
1548 2508 1616 2566 ad
1645 2508 1951 2585 septimum
1998 2511 2068 2567 ab
2098 2513 2264 2571 urbe

318 2590 608 2666 lapidem:
654 2586 889 2662 singulis
929 2587 1009 2645 ibi
1056 2589 1329 2648 militibus
1379 2587 1654 2648 Vitellius
1694 2596 1923 2664 paratos
1951 2590 2135 2659 ciboS,
2189 2600 2264 2652 ut

320 2667 710 2745 gladiatoriam
753 2666 1023 2741 saginam,
1067 2668 1394 2727 dividebat:
1442 2676 1504 2726 et
1543 2665 1727 2725 effusa
1768 2669 1971 2744 plebes
2014 2670 2151 2728 totis
2186 2690 2265 2731 se

317 2745 524 2806 castris
551 2747 881 2804 miscuerat.
969 2746 1297 2806 Incuriosos
1325 2748 1558 2815 milites,
1599 2748 1914 2807 vernacula
1939 2750 2271 2810 utebantur

318 2826 666 2891 urbanitate.
706 2825 933 2902 quidam
961 2827 1315 2903 spoliavere,
1363 2826 1598 2886 abscisis
1626 2823 1831 2885 furtim
1869 2828 2096 2900 balteis,
2127 2838 2146 2864 ‘
2181 2851 2262 2890 an
2372 2840 2373 2845 ’

320 2915 337 2941 ⁸
368 2905 613 2966 accincti
633 2906 869 2977 forent,’
900 2907 1233 2983 rogitantes.
1316 2906 1452 2966 Non
1489 2906 1617 2966 tulit
1642 2906 1954 2966 ludibrium
1991 2910 2263 2970 insolens

319 2987 687 3049 contumelias
731 2986 986 3046 animus:
1035 2989 1318 3046 inermem
1370 2987 1646 3065 populum
1687 2988 1887 3064 gladiis
1934 2990 2258 3049 invasere:

321 3087 505 3130 coesus
543 3067 699 3129 inter
743 3067 884 3129 alios
936 3075 1106 3145 pater
1150 3067 1369 3138 militis,
1423 3087 1555 3128 cum
1597 3067 1775 3127 filium
1829 3070 2260 3143 comitaretur-3

320 3148 532 3210 deinde
559 3151 777 3226 agnitus
805 3171 819 3206 ε
866 3156 946 3219 et,
979 3149 1208 3225 vulgata
1252 3148 1439 3219 caede,
1466 3156 1849 3225 temperatum
1877 3148 1948 3205 ab
1975 3149 2263 3208 innoxiiS.

323 3230 392 3289 In
419 3231 566 3288 urbe
587 3237 779 3288 tamen
800 3229 1172 3305 trepidatum,
1193 3229 1689 3305 praecurrentibus
1708 3227 1917 3303 passim
1944 3228 2261 3288 militibus.

323 3309 542 3366 Forum
570 3308 817 3367 maxime
857 3310 1153 3383 petebant,
1198 3308 1471 3384 cupidine
1514 3305 1741 3364 visendi
1777 3306 1994 3377 locum,
2023 3308 2083 3365 in
2131 3326 2264 3384 quo

324 3387 510 3445 Galba
535 3385 832 3459 jacuisset.
928 3386 1068 3443 Nec-
1116 3388 1305 3445 minus
1359 3403 1579 3447 saevum
1635 3387 2029 3460 spectaculum
2081 3393 2263 3444 erant
2354 3392 2357 3393 ’

380 3581 412 3643 j
444 3574 838 3638 adgrediuntur.
869 3576 908 3624 i.
922 3591 963 3624 e.
986 3574 1256 3638 Vespasian
1276 3577 1375 3625 and
1405 3578 1491 3625 the
1512 3575 1655 3624 other
1674 3574 1868 3625 leaders
1889 3577 1946 3625 of
1971 3576 2051 3625 his
2077 3584 2259 3642 party.

395 3646 428 3695 k
457 3640 711 3705 ,commu
730 3642 999 3704 copiarum.
1065 3639 1147 3704 By
1161 3642 1251 3692 the
1265 3641 1503 3693 immense
1524 3640 1755 3704 quantity
1769 3640 1827 3691 of
1838 3643 2074 3707 supplies.
