2459 4075
43 4012 56 4033 Γ
43 3892 46 3951 Ἴ-
43 3600 60 3883 ἫΪ--ΤΙ
43 3506 46 3587 “‘ffl
43 3426 46 3451 ff

177 4030 192 4033 Ι

278 140 336 179 J.
365 139 424 179 c.
453 120 556 177 69.
769 112 1097 174 HISTOR.
1143 112 1298 173 LIB.
1344 111 1726 172 TERTIUS.
2098 116 2209 169 107
2268 143 2274 151 -

278 264 502 324 tatione
521 244 747 340 gloriae,
776 263 836 321 in
863 262 1043 339 majus
1081 261 1388 340 accipitur,
1438 267 1743 338 postquam
1788 267 1803 291 6
1824 258 2028 315 Galbae
2073 259 2212 317 ima—

286 353 305 381 ‘
331 345 522 422 gineS,
548 343 840 403 discordia
863 350 1193 422 temporum
1220 344 1554 412 subversas,
1583 341 1643 398 in
1670 338 1932 423 omnibus
1974 339 2216 400 ,munici-

286 434 303 459 ‘
336 425 445 502 piis
494 424 700 483 recoli’
734 424 911 500 jussit
951 424 1276 483 Antonius:
1322 421 1600 481 decorum
1650 420 1779 497 pro'
1807 437 2010 478 caussa
2036 425 2213 487 ratus,

237 497 256 505 ⁶
277 505 334 565 si
350 507 602 583 ‚placere
623 504 829 563 Galbae
873 503 1235 581 Principatus
1265 511 1327 563 et
1352 509 1549 580 partes
1594 501 1967 560 revirescere
1994 495 2220 557 'crede-

289 593 512 645 rentur.

370 666 540 727 vm.
585 663 904 737 Quaesitum
972 663 1129 735 inde,
1199 672 1370 742 ‘quae
1420 663 1592 723 sedes
1645 664 1807 721 bello
1880 658 2227 737 legeretur?

292 753 308 778 ‘
341 746 582 806 Verona
609 745 822 823 potior’
855 744 1000 815 visa,
1044 752 1059 779 ‘
1085 745 1414 822 patentibus
1456 745 1678 803 circum
1716 742 1934 820 campis
1983 740 2053 800 ad
2080 759 2224 818 pugn

288 826 467 898 ‘'nam
528 825 911 904 equestrem‚’
981 844 1099 901 qua
1161 826 1592 901 praevalebant:
1654 825 1848 894 simul,
1889 829 1904 857 ³
1936 823 2224 881 coloniam

287 913 303 939 ‘
335 906 521 985 copiis
541 907 789 965 validam
809 905 1043 964 auferre
1072 904 1339 974 Vitellio,
1366 906 1428 962 in
1456 924 1583 962 rem
1610 904 1954 981 famamque’
1985 903 2222 961 videba—

285 993 405 1046 tur.
491 987 769 1045 Possessa
812 987 944 1062 ipso
982 986 1225 1043 transitu
1262 983 1530 1043 Vicetia:
1578 985 1730 1061 quod
1771 1004 1884 1060 per
1909 1003 1975 1042 se
2023 976 2226 1060 parum

281 1066 536 1145 (etenim
559 1066 804 1124 modica}
822 1065 1136 1142 municipio
1159 1062 1351 1141 vires)
1377 1063 1565 1138 magni
1593 1065 1872 1121 momenti
1899 1064 2095 1121 locum
2122 1063 2224 1120 ob-

284 1145 484 1213 tinuit,
532 1145 951 1221 reputantibuS,
999 1153 1014 1179 ‘
1044 1144 1168 1202 illic
1216 1141 1516 1202 Caecinam
1567 1143 1849 1217 genitum,
1897 1149 1959 1199 et
1986 1144 2227 1218 patriam

288 1235 306 1260 ‘
340 1223 594 1283 hostium
624 1222 776 1282 Duci
818 1224 1129 1301 ereptam!
1214 1222 1280 1281 In
1311 1221 1752 1284 Veronensibus
1786 1223 2038 1299 pretium
2079 1220 2182 1278 fuit
2209 1245 2224 1278 ι

288 1306 573 1381 exemplo
601 1305 928 1382 opibusque
967 1311 1163 1380 partes
1174 1304 1414 1381 juvere.
1495 1301 1572 1361 Et
1606 1303 1948 1379 interjectus
1999 1301 2232 1360 exerci-

289 1394 385 1446 tus
405 1404 520 1462 per
546 1385 796 1443 Raetiam
835 1384 1401 1462 Juliasque'Alpe83
1447 1402 1630 1453 ac,ne
1659 1382 1931 1461 pervium
1958 1381 2058 1440 illa
2078 1382 2232 1440 Ger·

289 1465 529 1525 manicis
558 1464 917 1538 exercitibus
965 1463 1140 1535 foret,
1184 1467 1564 1542 obsepserat:
1612 1481 1747 1541 quae
1768 1464 1964 1539 ignara
2005 1461 2233 1539 Vespa·

289 1549 478 1616 siano,
516 1553 613 1604 aut
658 1546 873 1605 vetita:
921 1546 1142 1622 quippe
1183 1553 1198 1579 6
1224 1544 1513 1623 Aquileiae
1561 1545 1685 1603 sisti
1711 1544 1938 1605 bellum
1984 1562 2233 1620 exspec—

293 1633 312 1660 ‘
345 1627 572 1704 tarique
614 1625 961 1685 Mucianum’
976 1625 1250 1701 jubebat,
1296 1624 1719 1703 adjiciebatque
1748 1624 1998 1701 imperio
2041 1623 2235 1683 consi·

301 1707 466 1777 lium,
519 1714 535 1740 6
562 1705 791 1784 quando
833 1706 1145 1783 AEgyptu5‚
1188 1705 1442 1764 claustra
1488 1724 1752 1775 annonae,
1795 1703 2104 1781 vectigalia
2141 1701 2239 1783 (k)

300 1794 316 1820 6
347 1786 912 1865 opulentissimarum
928 1786 1365 1863 provinciarum
1386 1787 1813 1856 obtinerentur,
1843 1799 2018 1861 posse
2047 1784 2236 1843 Vitel-

298 1874 316 1903 ‘
345 1867 409 1925 lii
435 1867 783 1937 exercitum,
807 1872 1065 1943 egestate
1083 1865 1356 1943 stipendii
1383 1865 1772 1942 frumentique
1793 1863 1863 1923 ad
1883 1864 2235 1925 deditionem

300 1954 321 1981 ⁴
351 1946 583 2023 subigi?
695 1945 916 2004 Eadem
978 1942 1280 2006 Mucianus
1334 1947 1564 2006 crebris
1618 1946 1884 2022 epistolis
1946 1946 2238 2014 monebat,

229 2058 234 2061 Δ
301 2036 317 2062 6
348 2026 711 2088 incruentam
739 2034 802 2085 et
826 2026 951 2085 sine
994 2028 1153 2087 luctu
1197 2027 1546 2098 victoriam‚’
1594 2033 1655 2084 et
1696 2026 1807 2084 alia
1839 2023 2240 2103 hujuscemodi

299 2107 725 2186 praetexendo;
770 2105 875 2164 sed
894 2107 1096 2182 gloriae
1126 2108 1326 2167 avidus
1354 2114 1527 2186 atque
1555 2125 1725 2165 omne
1758 2107 1903 2164 belli
1930 2105 2110 2164 decus
2129 2105 2243 2163 sibi,

299 2190 582 2247 retinens.
670 2184 954 2245 Ceterum
973 2206 1052 2247 ex
1071 2188 1406 2249 distantibus
1423 2194 1715 2247 terrarum
1741 2186 1964 2263 spatiiS,
1994 2185 2236 2245 consilia

300 2274 437 2346 post
455 2286 551 2327 res
574 2264 1006 2327 adferebantur.

382 2347 493 2406 IX.
540 2346 1060 2425 Igiturrepent'ino
1087 2349 1325 2410 incursu
1365 2353 1649 2411 Antonius
1677 2350 1952 2409 stationes
1980 2348 2236 2406 hostium

298 2428 598 2505 inrumpit,
642 2429 993 2507 tentatisque
1036 2431 1158 2489 levi
1201 2431 1414 2507 proelio
1443 2432 1668 2504 animis,
1713 2450 1790 2490 ex
1818 2448 1985 2507 aequo
2014 2428 2231 2487 disces-

191 2578 208 2589 *
300 2528 444 2568 sum.
529 2509 673 2566 Mox
700 2507 939 2568 Caecina
989 2512 1142 2569 inter
1187 2509 1520 2583 Hostiliam,
1568 2514 1760 2570 vicum
1804 2508 2238 2570 Veronensium

305 2596 368 2647 et
386 2588 628 2666 paludes
673 2588 907 2654 Tartari
949 2588 1223 2660 fluminiS,
1274 2597 1463 2649 castra
1487 2592 1840 2669 permuniit3
1886 2599 2040 2651 tutus
2089 2590 2244 2666 loco,

215 2706 228 2737 χ
259 2744 268 2749 V
304 2688 439 2728 cum
461 2676 629 2746 terga
655 2667 922 2742 flumine,
938 2670 1121 2730 latera
1148 2669 1386 2746 objectu
1412 2672 1637 2749 paludis
1664 2680 2039 2749 tegerentur:
2087 2670 2241 2749 quod

299 2750 348 2808 si
378 2748 651 2809 adfuisset
681 2748 847 2820 fides,
869 2758 965 2810 aut
991 2751 1248 2828 opprimi
1289 2752 1579 2811 universis
1620 2752 2068 2813 Vitellianorvm
2097 2752 2238 2810 viri·

304 2831 412 2888 bus
439 2830 569 2915 duae
597 2831 881 2905 legiones,
911 2831 1163 2890 nondum
1191 2832 1504 2909 conjuncto
1542 2832 1789 2893 Moesico
1819 2835 2106 2903 exercitu,
2135 2851 2240 2911 po-

301 2917 494 2981 tuere,
524 2918 621 2968 aut
649 2917 810 2968 retro
840 2918 1009 2981 actae,
1037 2912 1273 2970 deserta
1310 2913 1494 2983 Italia,
1538 2921 1772 2990 turpem
1799 2914 1989 2989 sugam
2016 2913 2241 2972 consci-

191 3022 234 3049 -.
303 2994 541 3050 vissent.
629 2989 743 3048 Sed
787 2989 1047 3066 Caecina,
1092 3011 1205 3067 per
1252 2991 1442 3051 varias
1484 3011 1697 3065 moras,
1745 2996 1934 3070 prima
1974 2994 2241 3053 hostibus

305 3071 562 3148 prodidit
589 3078 859 3147 tempora
886 3071 1051 3141 belli,
1074 3071 1233 3141 dum,
1263 3091 1406 3150 quos
1429 3075 1600 3130 armis
1636 3074 1867 3150 pellere
1913 3080 2248 3150 promptum

302 3159 451 3221 erat,
501 3151 763 3227 epistolis
810 3151 1100 3228 increpat,
1128 3151 1317 3211 donec
1346 3171 1459 3229 per
1486 3154 1713 3212 nuntios
1762 3161 1936 3230 pacta
1975 3153 2245 3231 perfidiae

306 3231 586 3290 firmaret.
672 3232 919 3292 Interim
946 3232 1209 3309 Aponius
1251 3233 1551 3292 Saturnius
1580 3253 1708 3293 cum
1740 3234 1973 3310 legione
2000 3235 2248 3312 septima

372 3450 403 3509 Ῑς
436 3445 609 3511 Egypt
623 3461 728 3497 was
754 3450 844 3498 the
857 3450 1066 3500 Roman
1086 3467 1306 3517 granary
1322 3454 1539 3512 oscorn3
1573 3455 1673 3503 and
1705 3454 1854 3517 Pliny
1892 3455 1977 3502 the
1999 3453 2242 3516 Younger

306 3528 435 3576 says,
451 3514 566 3562 that
579 3515 668 3562 the
684 3516 866 3579 people
889 3518 947 3568 of
969 3519 1084 3567 that
1096 3525 1311 3583 country
1330 3535 1467 3569 were
1484 3522 1647 3584 proud
1668 3526 1721 3570 to
1750 3521 1854 3577 find
1880 3521 1992 3568 that
2019 3519 2106 3566 the
2127 3530 2241 3564 eon-

304 3592 520 3640 querors
542 3578 600 3628 of
626 3581 714 3629 the
734 3583 897 3631 world
917 3583 1179 3649 depended
1216 3603 1279 3635 on
1301 3588 1444 3640 them
1458 3587 1533 3644 for
1563 3587 1700 3637 their
1721 3587 1860 3650 daily
1879 3585 2239 3634 maintenance.

308 3643 501 3709 Pliny’s
523 3644 818 3724 Panegyric,
838 3664 877 3700 s.
899 3651 980 3702 31.
2083 3670 2090 3676 ·
