2459 4075
301 139 444 196 sse.
476 108 574 212 ἐς),
749 94 1078 195 Hlsrou.
1125 137 1279 196 us.
1325 135 1767 196 sscunuus.
2143 141 2222 199 es

307 284 580 342 cohortes
610 289 670 341 et
696 282 990 359 quingenti
1016 285 1243 359 equites
1273 286 1330 342 in
1359 285 1590 342 sinistro
1617 285 1919 354 locantur3
1962 302 2229 359 aggerem

196 380 202 384 ·
264 363 419 437 ,viae
442 371 562 420 tres
594 362 893 421 Praetoriae
923 363 1196 423 cohortes
1227 366 1356 423 altis
1374 365 1669 423 ordinibus
1691 365 2039 422 obtinuere:
2084 364 2221 422 dex·

221 435 264 458 “
302 448 392 500 tra
412 442 604 501 fronte
635 444 824 518 prima
850 444 1002 517 legio
1043 444 1303 513 incessit,
1326 462 1460 504 cum
1486 444 1705 501 duabus
1734 442 2107 502 auxiliaribus
2128 455 2225 501 co*-

304 523 569 580 hortibus
599 530 659 580 et
704 524 1030 599 quingentis
1078 527 1384 601 equitibus.
1470 524 1807 601 Superbos
1857 542 1892 582 e
1936 522 2225 582 Praetorio

177 651 184 663 ,
286 602 829 681 ,εωχὶίἱίεῳιεωίῌε
860 604 1109 680 equites,
1138 608 1395 665 cumulus
1442 604 1769 682 prosperis,
1799 611 1895 662 aut
1914 603 2230 663 subsidium
2261 606 2265 609 ’

301 683 720 750 laborantibuS‚
748 684 1124 743 ducebantur.

338 835 341 837 Ὺ
381 762 570 819 XXV.
616 764 936 840 Antequam
978 765 1367 825 miscerentur.
1413 765 1589 835 acies,
1644 770 1806 840 terga
1858 763 2228 823 vertentibus

301 841 649 911 Vitellianis,
682 843 729 900 C
739 846 912 915 alsus,
954 846 1073 903 doli
1103 847 1380 923 prudens,
1409 846 1694 921 repressit
1719 863 1874 903 suOS.
1960 843 2227 903 Vitellia-

299 917 360 980 εὖ
381 928 607 980 temere
637 933 1037 999 exsurgenteS‚
1085 926 1336 984 cedente
1379 924 1592 983 sensim
1616 924 1818 994 Celso,
1866 924 2090 999 longius
2131 944 2225 983 se-

299 1002 441 1061 cuti.
471 1005 623 1061 ultro
672 1006 730 1060 in
773 999 1000 1063 insidias
1047 1007 1521 1082 praecipitantur:
1566 1023 1694 1061 nam
1724 1025 1756 1062 a
1806 1005 2084 1063 lateribus
2124 1024 2224 1066 co·

302 1082 532 1149 hortes,
578 1083 871 1161 legionum
897 1086 1143 1156 adversa
1167 1084 1381 1153 fronte,
1430 1090 1491 1141 et
1536 1083 1724 1140 subito
1751 1084 2018 1141 discursu
2056 1092 2222 1160 terga

271 1159 613 1217 ‘cinxerant
640 1160 886 1235 equites.
970 1163 1199 1237 Signum
1241 1182 1452 1239 pugnae
1497 1180 1611 1218 non
1652 1161 1839 1219 statim
1883 1182 1916 1219 a
1942 1162 2216 1223 Suetonio

304 1237 575 1296 Paullino
599 1239 779 1315 pediti
802 1240 988 1299 datum
1014 1266 1027 1300 :
1073 1250 1372 1301 cunctator
1391 1250 1615 1311 natura,
1646 1248 1705 1299 et
1731 1240 1827 1299 cui
1849 1248 2014 1298 cauta
2039 1244 2229 1318 potius

300 1320 545 1376 consilia
571 1338 702 1377 cum
741 1320 988 1391 ratione,
1033 1343 1200 1399 quam
1248 1342 1542 1400 prospera
1578 1339 1651 1379 ex
1692 1339 1856 1390 casu,
1905 1321 2227 1396 placerent,

302 1406 317 1431 ⁸
349 1400 637 1475 compleri
660 1398 857 1479 fossas,
884 1404 1099 1478 aperiri
1112 1423 1399 1480 campum,
1424 1402 1594 1479 pandi
1617 1402 1821 1460 aciem'
1830 1401 2076 1478 jubebat
2099 1424 2113 1473 3
2134 1402 2225 1482 (h)

213 1533 218 1538 .
302 1487 317 1512 '
349 1480 483 1538 satis
507 1482 621 1537 cito
649 1478 826 1557 incipi
854 1483 1177 1558 victoriam,
1205 1485 1303 1542 ubi
1341 1486 1639 1561 provisum
1681 1481 1862 1552 foret,
1910 1500 1985 1540 ne
2026 1482 2225 1541 vince·

302 1567 317 1591 6
349 1560 599 1618 rentur.’
685 1559 770 1616 Ea
811 1564 1173 1622 cunctatione
1219 1564 1466 1640 spatium
1516 1562 1846 1623 Vitellianis
1901 1561 2115 1633 datum,
2163 1564 2224 1621 in

301 1639 520 1709 vineas,
550 1658 704 1698 nexu
726 1641 1025 1700 traducum
1053 1643 1134 1724 (i)
1160 1644 1468 1720 inpeditas,
1496 1641 1821 1717 refugiendi
1845 1664 1859 1700 ε
1908 1652 1968 1699 et
1995 1643 2223 1702 modica

299 1718 446 1777 silva
474 1720 858 1779 adhaerebatz‘
885 1721 1041 1780 unde
1081 1744 1283 1782 rursus
1325 1723 1446 1782 ausi
1489 1718 1954 1798 promptissimos
1998 1721 2220 1781 Praeto—

269 1798 587 1857 ‘rianorum
631 1802 887 1876 equitum
930 1803 1323 1861 interfecere:
1383 1804 1726 1861 vulneratur
1779 1800 1915 1858 Rex
1963 1800 2221 1879 Epipha—

300 1896 428 1946 πρε,
439 1878 548 2013 ἑᾷ)
573 1880 798 1955 inpigre
821 1902 931 1958 pro
951 1882 1185 1941 Othone
1201 1902 1453 1959 pugnam
1481 1883 1662 1940 ciens.
2232 1878 2243 1886 ’

313 1957 318 1962 ’
382 1956 435 2013 Χ
497 1958 603 2014 Vl.
649 1959 807 2017 Tum
860 1961 1224 2019 Othonianus
1279 1961 1464 2038 pedes
1518 1959 1749 2038 erupit3
1792 1958 2040 2036 protrita
2091 1961 2223 2018 hos-

296 2037 439 2096 tium
460 2039 608 2106 acie,
631 2040 790 2096 versi
817 2040 876 2097 in
903 2039 1115 2114 fugam,
1135 2041 1304 2098 etiam
1325 2042 1421 2115 qui
1440 2041 1892 2098 subveniebant:
1937 2057 2069 2097 nam
2089 2038 2223 2098 Cae-

297 2118 431 2175 cina
461 2137 576 2174 non
616 2117 788 2174 simul
835 2119 1137 2188 cohortes,
1176 2120 1282 2175 sed
1308 2118 1554 2192 singulas
1597 2115 1924 2174 acciverat:
1969 2136 2101 2192 quae
2128 2137 2225 2178 res

297 2198 359 2256 in
390 2196 607 2273 proelio
637 2197 1084 2271 trepidationem
1110 2196 1288 2268 auxit,
1316 2214 1448 2254 cum
1475 2195 1795 2272 (Περεῖ-505,
1842 2214 1952 2254 nec
1988 2213 2226 2273 usquam

293 2277 543 2349 validos,
572 2295 757 2354 pavor
774 2276 1122 2353 'fugientium
1149 2277 1469 2355 abriperet.
1506 2284 1513 2290 ⁴
1554 2276 1701 2334 Orta
1727 2280 1788 2332 et
1814 2273 1870 2332 in
1905 2276 2106 2334 castris
2134 2297 2226 2336 se·

300 2355 467 2429 ditio,
517 2357 672 2435 quod
713 2374 825 2416 non
870 2358 1124 2418 universi
1176 2358 1568 2416 ducerentur:
1610 2356 1839 2415 vinctus
1881 2354 2233 2428 PraefectuS,

298 2446 644 2509 castrorum,
673 2437 863 2497 Julius
890 2439 1130 2510 Gratus,
1179 2446 1196 2472 ‘
1224 2444 1514 2516 tamquam
1541 2436 1727 2508 fratri,
1757 2436 1904 2514 apud
1933 2436 2227 2498 Othonem

301 2522 316 2548 ‘
347 2516 636 2584 militanti,
665 2519 1053 2591 proditionem
1082 2526 1283 2590 ageret
1304 2519 1344 2572 τ’
1389 2532 1522 2573 cum
1545 2518 1787 2575 fratrem
1831 2517 1980 2596 ejus,
2008 2515 2229 2578 Julium

303 2591 681 2665 Frontonem,
745 2593 1097 2664 Tribunum,
1166 2594 1499 2653 Othoniani·
1533 2597 1640 2653 sub
1709 2592 1916 2653 eodem
1981 2598 2226 2657 crimine

298 2670 637 2732 vinxissent.
725 2672 1010 2734 Ceterum
1057 2694 1129 2733 ea
1169 2675 1386 2752 ubique
1414 2674 1662 2734 formido
1688 2673 1796 2733 fuit
1824 2675 1973 2753 apud
2001 2676 2225 2755 fugien—

299 2759 412 2824 teS,
443 2761 836 2824 occursanteS‚
880 2756 938 2813 in
960 2757 1110 2825 acie,
1156 2774 1268 2832 pro
1315 2754 1490 2828 vanu,
1534 2763 1597 2815 ut
1644 2765 1661 2790 ‘
1689 2756 1877 2814 deleri
1917 2777 2054 2817 cum
2098 2760 2229 2818 uni-

305 2839 322 2865 6
355 2851 530 2891 verso
572 2834 841 2893 exercitu
886 2835 1181 2896 Caecinam
1229 2836 1511 2913 potuisse,
1557 2836 1618 2894 ni
1681 2837 1987 2895 Suetonius
2055 2837 2224 2897 Paul-

301 2919 321 2945 6
350 2912 502 2971 linus
524 2915 788 2990 receptui
821 2917 1173 2985 cecinisset,’
1204 2917 1464 2994 utrisque
1491 2916 1552 2974 in
1577 2917 1837 2994 partibus
1865 2918 2224 2992 percrebue-

302 2993 399 3053 rit.
487 2999 504 3025 ‘
537 2992 830 3053 Timuisse
874 2997 983 3075 se,²
1031 2996 1325 3054 Paullinus
1378 2997 1628 3066 ferebat,
1675 3005 1695 3033 ⁴
1724 3003 1941 3053 tantum
1985 2995 2226 3075 insuper

303 3080 319 3108 6
349 3071 568 3133 laboris
588 3091 655 3132 ac
683 3074 930 3146 itineris,
957 3095 1034 3134 ne
1061 3074 1408 3134 Vitellianus
1444 3076 1634 3146 mileS,
1678 3092 1889 3133 recens
1917 3093 1952 3132 e
2000 3077 2224 3150 castris,

293 3162 318 3212 ι’
349 3152 533 3213 fessos
581 3154 1022 3231 adgrederetur,
1051 3163 1113 3215 et
1135 3155 1427 3232 perculsis
1467 3156 1688 3214 nullum
1719 3161 1882 3213 retro
1910 3155 2228 3218 subsidium

367 3311 403 3362 Ῑι
440 3311 686 3380 compleri
709 3316 893 3380 fossas,
919 3321 1005 3366 etc.
1075 3315 1160 3366 He
1194 3313 1363 3362 orders
1383 3313 1471 3361 the
1488 3315 1697 3364 hollows
1729 3320 1780 3366 to
1801 3316 1866 3366 be
1882 3316 2021 3366 filled
2033 3330 2121 3380 up,
2136 3316 2224 3366 the

300 3380 496 3444 ground
517 3384 571 3428 to
585 3381 651 3429 be
672 3381 889 3440 cleared,
909 3382 1008 3430 and
1023 3381 1100 3430 his
1116 3378 1217 3429 line
1234 3384 1285 3427 to
1299 3371 1366 3426 be
1388 3381 1653 3431 extended.

365 3448 391 3494 i
420 3444 592 3495 When
612 3447 700 3496 the
731 3448 974 3498 branchos
995 3449 1053 3499 os
1081 3446 1220 3497 vines
1237 3445 1486 3495 extended
1501 3447 1628 3497 from
1658 3464 1754 3498 one
1783 3453 1892 3500 tree
1923 3452 1976 3497 to
1997 3447 2224 3507 another,

300 3511 427 3575 they
436 3525 578 3560 were
594 3514 755 3562 called
775 3515 1013 3566 traduces.

304 3579 389 3690 dig·
421 3575 708 3693 Epipihgnes
729 3595 834 3630 was
852 3581 939 3630 the
972 3582 1058 3631 §on
1079 3578 1137 3630 of
1162 3577 1437 3631 Antiochus
1458 3576 1544 3629 IV.
1577 3578 1713 3645 King
1733 3580 1790 3628 os
1812 3577 2170 3639 Commagene,
2190 3580 2234 3618 ὓ

381 3641 495 3692 trict
514 3659 545 3693 o
586 3644 747 3708 „yria
794 3699 799 3707 ,
1197 3650 1202 3653 ’
1513 3640 1521 3653 '
