<?xml version="1.0" encoding="UTF-8"?>
<!DOCTYPE html PUBLIC "-//W3C//DTD XHTML 1.0 Transitional//EN"
    "http://www.w3.org/TR/xhtml1/DTD/xhtml1-transitional.dtd">
<html xmlns="http://www.w3.org/1999/xhtml" xml:lang="en" lang="en">
 <head>
  <title>
</title>
<meta http-equiv="Content-Type" content="text/html;charset=utf-8" />
  <meta name='ocr-system' content='tesseract 3.04.00' />
  <meta name='ocr-capabilities' content='ocr_page ocr_carea ocr_par ocr_line ocrx_word'/>
</head>
<body>
  <div class='ocr_page' id='page_1' title='image "./fivebookshistor00willgoog_0165.png"; bbox 0 0 2459 4075; ppageno 0'>
   <div class='ocr_carea' id='block_1_1' title="bbox 14 19 273 60">
    <p class='ocr_par' dir='ltr' id='par_1_1' title="bbox 14 19 273 60">
     <span class='ocr_line' id='line_1_1' title="bbox 14 19 273 60; baseline 0.015 -8"><span class='ocrx_word' id='word_1_1' title='bbox 14 19 273 60; x_wconf 51' lang='lat' dir='ltr'><em>W</em></span> 
     </span>
    </p>
   </div>
   <div class='ocr_carea' id='block_1_2' title="bbox 92 51 131 74">
    <p class='ocr_par' dir='ltr' id='par_1_2' title="bbox 92 51 131 74">
     <span class='ocr_line' id='line_1_2' title="bbox 92 51 131 74; baseline 0 -3"><span class='ocrx_word' id='word_1_2' title='bbox 92 51 131 74; x_wconf 55' lang='lat' dir='ltr'>fi</span> 
     </span>
    </p>
   </div>
   <div class='ocr_carea' id='block_1_3' title="bbox 247 176 2165 254">
    <p class='ocr_par' dir='ltr' id='par_1_3' title="bbox 247 176 2165 254">
     <span class='ocr_line' id='line_1_3' title="bbox 247 176 2165 254; baseline 0.005 -18"><span class='ocrx_word' id='word_1_3' title='bbox 247 199 298 239; x_wconf 79' lang='lat' dir='ltr'><strong>s.</strong></span> <span class='ocrx_word' id='word_1_4' title='bbox 330 201 386 241; x_wconf 71' lang='lat' dir='ltr'><strong>e.</strong></span> <span class='ocrx_word' id='word_1_5' title='bbox 421 186 518 241; x_wconf 77' lang='lat'><strong>69.</strong></span> <span class='ocrx_word' id='word_1_6' title='bbox 722 177 1049 241; x_wconf 81' lang='lat' dir='ltr'><strong>msToR.</strong></span> <span class='ocrx_word' id='word_1_7' title='bbox 1096 176 1247 240; x_wconf 86' lang='lat' dir='ltr'><strong>LlB.</strong></span> <span class='ocrx_word' id='word_1_8' title='bbox 1291 181 1700 254; x_wconf 67' lang='lat' dir='ltr'>QUARTUS.</span> <span class='ocrx_word' id='word_1_9' title='bbox 2051 187 2165 245; x_wconf 68' lang='lat'><strong>158</strong></span> 
     </span>
    </p>
   </div>
   <div class='ocr_carea' id='block_1_4' title="bbox 245 324 2180 645">
    <p class='ocr_par' dir='ltr' id='par_1_4' title="bbox 245 324 2180 645">
     <span class='ocr_line' id='line_1_4' title="bbox 245 324 2165 414; baseline 0.003 -31"><span class='ocrx_word' id='word_1_10' title='bbox 245 324 561 387; x_wconf 85' lang='lat' dir='ltr'><strong>siAriciam</strong></span> <span class='ocrx_word' id='word_1_11' title='bbox 584 327 672 409; x_wconf 83' lang='lat' dir='ltr'><strong>(c)</strong></span> <span class='ocrx_word' id='word_1_12' title='bbox 700 329 968 406; x_wconf 78' lang='lat' dir='ltr'>equites:</span> <span class='ocrx_word' id='word_1_13' title='bbox 1015 348 1216 404; x_wconf 83' lang='lat' dir='ltr'><strong>agmen</strong></span> <span class='ocrx_word' id='word_1_14' title='bbox 1260 329 1551 404; x_wconf 85' lang='lat' dir='ltr'><strong>legionum</strong></span> <span class='ocrx_word' id='word_1_15' title='bbox 1578 331 1730 388; x_wconf 82' lang='lat' dir='ltr'><strong>intra</strong></span> <span class='ocrx_word' id='word_1_16' title='bbox 1758 328 2017 388; x_wconf 83' lang='lat' dir='ltr'><strong>Bovillas</strong></span> <span class='ocrx_word' id='word_1_17' title='bbox 2067 331 2165 414; x_wconf 69' lang='lat'><strong>(11)</strong></span> 
     </span>
     <span class='ocr_line' id='line_1_5' title="bbox 246 408 2171 485; baseline 0.004 -22"><span class='ocrx_word' id='word_1_18' title='bbox 246 410 423 466; x_wconf 44' lang='lat' dir='ltr'><strong>stetit:</strong></span> <span class='ocrx_word' id='word_1_19' title='bbox 505 408 635 468; x_wconf 89' lang='lat' dir='ltr'><strong>Nec</strong></span> <span class='ocrx_word' id='word_1_20' title='bbox 672 416 971 469; x_wconf 79' lang='lat' dir='ltr'><strong>cunctatus</strong></span> <span class='ocrx_word' id='word_1_21' title='bbox 1009 416 1099 468; x_wconf 88' lang='lat' dir='ltr'><strong>est</strong></span> <span class='ocrx_word' id='word_1_22' title='bbox 1126 409 1424 477; x_wconf 85' lang='lat' dir='ltr'><strong>Vitellius,</strong></span> <span class='ocrx_word' id='word_1_23' title='bbox 1465 427 1650 485; x_wconf 88' lang='lat' dir='ltr'><strong>seque</strong></span> <span class='ocrx_word' id='word_1_24' title='bbox 1683 416 1749 466; x_wconf 87' lang='lat' dir='ltr'><strong>et</strong></span> <span class='ocrx_word' id='word_1_25' title='bbox 1777 410 2054 468; x_wconf 79' lang='lat' dir='ltr'>cohortes</span> <span class='ocrx_word' id='word_1_26' title='bbox 2082 432 2171 470; x_wconf 88' lang='lat' dir='ltr'><strong>ar·</strong></span> 
     </span>
     <span class='ocr_line' id='line_1_6' title="bbox 246 487 2174 566; baseline 0.004 -22"><span class='ocrx_word' id='word_1_27' title='bbox 246 487 420 548; x_wconf 82' lang='lat' dir='ltr'>bitrio</span> <span class='ocrx_word' id='word_1_28' title='bbox 466 488 708 548; x_wconf 84' lang='lat' dir='ltr'><strong>victoris</strong></span> <span class='ocrx_word' id='word_1_29' title='bbox 756 490 1122 566; x_wconf 81' lang='lat' dir='ltr'><strong>permittere.</strong></span> <span class='ocrx_word' id='word_1_30' title='bbox 1211 488 1287 547; x_wconf 87' lang='lat' dir='ltr'><strong>Et</strong></span> <span class='ocrx_word' id='word_1_31' title='bbox 1310 489 1480 546; x_wconf 81' lang='lat' dir='ltr'><strong>miles</strong></span> <span class='ocrx_word' id='word_1_32' title='bbox 1522 488 1780 550; x_wconf 79' lang='lat' dir='ltr'><strong>infelicia</strong></span> <span class='ocrx_word' id='word_1_33' title='bbox 1815 505 1992 559; x_wconf 84' lang='lat' dir='ltr'><strong>arma,</strong></span> <span class='ocrx_word' id='word_1_34' title='bbox 2024 491 2174 551; x_wconf 86' lang='lat' dir='ltr'><strong>haud</strong></span> 
     </span>
     <span class='ocr_line' id='line_1_7' title="bbox 246 567 2180 645; baseline 0.004 -22"><span class='ocrx_word' id='word_1_35' title='bbox 246 567 435 626; x_wconf 74' lang='lat' dir='ltr'><strong>minus</strong></span> <span class='ocrx_word' id='word_1_36' title='bbox 477 568 583 639; x_wconf 78' lang='lat' dir='ltr'><strong>ira,</strong></span> <span class='ocrx_word' id='word_1_37' title='bbox 614 577 783 644; x_wconf 83' lang='lat' dir='ltr'><strong>q‘uam</strong></span> <span class='ocrx_word' id='word_1_38' title='bbox 831 576 990 626; x_wconf 82' lang='lat' dir='ltr'><strong>metu</strong></span> <span class='ocrx_word' id='word_1_39' title='bbox 1038 569 1271 645; x_wconf 84' lang='lat' dir='ltr'><strong>abjecit.</strong></span> <span class='ocrx_word' id='word_1_40' title='bbox 1326 568 1587 643; x_wconf 66' lang='lat' dir='ltr'><strong>‚Longus</strong></span> <span class='ocrx_word' id='word_1_41' title='bbox 1632 568 1962 627; x_wconf 85' lang='lat' dir='ltr'><strong>deditorum</strong></span> <span class='ocrx_word' id='word_1_42' title='bbox 2007 572 2180 642; x_wconf 75' lang='lat' dir='ltr'><strong>ordo,</strong></span> 
     </span>
    </p>
   </div>
   <div class='ocr_carea' id='block_1_5' title="bbox 180 648 2174 729">
    <p class='ocr_par' dir='ltr' id='par_1_5' title="bbox 180 648 2174 729">
     <span class='ocr_line' id='line_1_8' title="bbox 180 648 2174 729; baseline 0.003 -25"><span class='ocrx_word' id='word_1_43' title='bbox 180 711 189 720; x_wconf 32' lang='lat'><em>⁴</em></span> <span class='ocrx_word' id='word_1_44' title='bbox 245 656 448 724; x_wconf 80' lang='lat' dir='ltr'><strong>septus</strong></span> <span class='ocrx_word' id='word_1_45' title='bbox 496 649 746 723; x_wconf 74' lang='lat' dir='ltr'><strong>armatis,</strong></span> <span class='ocrx_word' id='word_1_46' title='bbox 774 667 888 725; x_wconf 91' lang='lat' dir='ltr'><strong>per</strong></span> <span class='ocrx_word' id='word_1_47' title='bbox 932 649 1138 707; x_wconf 87' lang='lat' dir='ltr'><strong>urbem</strong></span> <span class='ocrx_word' id='word_1_48' title='bbox 1165 648 1436 708; x_wconf 78' lang='lat' dir='ltr'><strong>incessit:</strong></span> <span class='ocrx_word' id='word_1_49' title='bbox 1483 666 1659 706; x_wconf 89' lang='lat' dir='ltr'><strong>nemo</strong></span> <span class='ocrx_word' id='word_1_50' title='bbox 1705 649 1955 729; x_wconf 86' lang='lat' dir='ltr'><strong>supplici</strong></span> <span class='ocrx_word' id='word_1_51' title='bbox 1985 651 2174 723; x_wconf 85' lang='lat' dir='ltr'><strong>vultu,</strong></span> 
     </span>
    </p>
   </div>
   <div class='ocr_carea' id='block_1_6' title="bbox 244 727 2181 1122">
    <p class='ocr_par' dir='ltr' id='par_1_6' title="bbox 244 727 2181 1122">
     <span class='ocr_line' id='line_1_9' title="bbox 246 727 2176 804; baseline 0.003 -20"><span class='ocrx_word' id='word_1_52' title='bbox 246 727 351 784; x_wconf 88' lang='lat' dir='ltr'><strong>sed</strong></span> <span class='ocrx_word' id='word_1_53' title='bbox 369 728 564 786; x_wconf 76' lang='lat' dir='ltr'><strong>tristes</strong></span> <span class='ocrx_word' id='word_1_54' title='bbox 592 734 655 785; x_wconf 87' lang='lat' dir='ltr'><strong>et</strong></span> <span class='ocrx_word' id='word_1_55' title='bbox 678 736 877 788; x_wconf 88' lang='lat' dir='ltr'><strong>truces</strong></span> <span class='ocrx_word' id='word_1_56' title='bbox 905 735 966 787; x_wconf 87' lang='lat' dir='ltr'><strong>et</strong></span> <span class='ocrx_word' id='word_1_57' title='bbox 993 727 1298 787; x_wconf 80' lang='lat' dir='ltr'><strong>adversum</strong></span> <span class='ocrx_word' id='word_1_58' title='bbox 1327 727 1559 804; x_wconf 80' lang='lat' dir='ltr'>plausus</span> <span class='ocrx_word' id='word_1_59' title='bbox 1582 747 1647 786; x_wconf 83' lang='lat' dir='ltr'><strong>ac</strong></span> <span class='ocrx_word' id='word_1_60' title='bbox 1676 728 1970 786; x_wconf 81' lang='lat' dir='ltr'><strong>lasciviam</strong></span> <span class='ocrx_word' id='word_1_61' title='bbox 1997 730 2176 790; x_wconf 87' lang='lat' dir='ltr'><strong>insul-</strong></span> 
     </span>
     <span class='ocr_line' id='line_1_10' title="bbox 244 808 2177 888; baseline 0.003 -22"><span class='ocrx_word' id='word_1_62' title='bbox 244 808 414 867; x_wconf 82' lang='lat' dir='ltr'><strong>tantis</strong></span> <span class='ocrx_word' id='word_1_63' title='bbox 442 808 601 884; x_wconf 84' lang='lat' dir='ltr'><strong>vulgi</strong></span> <span class='ocrx_word' id='word_1_64' title='bbox 621 808 983 865; x_wconf 86' lang='lat' dir='ltr'><strong>immobiles:</strong></span> <span class='ocrx_word' id='word_1_65' title='bbox 1031 825 1247 882; x_wconf 79' lang='lat' dir='ltr'><strong>paucos</strong></span> <span class='ocrx_word' id='word_1_66' title='bbox 1268 826 1589 884; x_wconf 81' lang='lat' dir='ltr'><strong>erumpere</strong></span> <span class='ocrx_word' id='word_1_67' title='bbox 1611 811 1800 878; x_wconf 76' lang='lat' dir='ltr'><strong>ausos,</strong></span> <span class='ocrx_word' id='word_1_68' title='bbox 1829 809 2177 888; x_wconf 86' lang='lat' dir='ltr'><strong>circumjec-</strong></span> 
     </span>
     <span class='ocr_line' id='line_1_11' title="bbox 246 886 2178 967; baseline 0.003 -22"><span class='ocrx_word' id='word_1_69' title='bbox 246 887 295 945; x_wconf 83' lang='lat' dir='ltr'><strong>ti</strong></span> <span class='ocrx_word' id='word_1_70' title='bbox 313 906 626 965; x_wconf 83' lang='lat' dir='ltr'><strong>pressere:</strong></span> <span class='ocrx_word' id='word_1_71' title='bbox 674 888 862 947; x_wconf 88' lang='lat' dir='ltr'><strong>ceteri</strong></span> <span class='ocrx_word' id='word_1_72' title='bbox 893 889 950 944; x_wconf 89' lang='lat' dir='ltr'><strong>in</strong></span> <span class='ocrx_word' id='word_1_73' title='bbox 977 887 1300 944; x_wconf 78' lang='lat' dir='ltr'><strong>custodiam</strong></span> <span class='ocrx_word' id='word_1_74' title='bbox 1347 887 1582 945; x_wconf 86' lang='lat' dir='ltr'><strong>conditi.</strong></span> <span class='ocrx_word' id='word_1_75' title='bbox 1639 895 1642 900; x_wconf 83' lang='grc'><strong>“</strong></span> <span class='ocrx_word' id='word_1_76' title='bbox 1669 886 1832 945; x_wconf 89' lang='lat' dir='ltr'><strong>Nihil</strong></span> <span class='ocrx_word' id='word_1_77' title='bbox 1878 888 2178 967; x_wconf 83' lang='lat' dir='ltr'><strong>quisquam</strong></span> 
     </span>
     <span class='ocr_line' id='line_1_12' title="bbox 247 965 2179 1042; baseline 0.002 -16"><span class='ocrx_word' id='word_1_78' title='bbox 247 967 471 1026; x_wconf 85' lang='lat' dir='ltr'><strong>locutus</strong></span> <span class='ocrx_word' id='word_1_79' title='bbox 494 968 810 1042; x_wconf 83' lang='lat' dir='ltr'><strong>indignum,</strong></span> <span class='ocrx_word' id='word_1_80' title='bbox 841 975 922 1037; x_wconf 85' lang='lat' dir='ltr'><strong>et,</strong></span> <span class='ocrx_word' id='word_1_81' title='bbox 970 983 1314 1041; x_wconf 68' lang='lat' dir='ltr'><strong>quamquam</strong></span> <span class='ocrx_word' id='word_1_82' title='bbox 1345 965 1498 1023; x_wconf 86' lang='lat' dir='ltr'><strong>inter</strong></span> <span class='ocrx_word' id='word_1_83' title='bbox 1518 966 1781 1036; x_wconf 81' lang='lat' dir='ltr'><strong>adversa,</strong></span> <span class='ocrx_word' id='word_1_84' title='bbox 1809 968 1968 1026; x_wconf 81' lang='lat' dir='ltr'><strong>salva</strong></span> <span class='ocrx_word' id='word_1_85' title='bbox 1994 970 2179 1029; x_wconf 86' lang='lat' dir='ltr'><strong>virtu-</strong></span> 
     </span>
     <span class='ocr_line' id='line_1_13' title="bbox 250 1044 2181 1122; baseline 0.003 -17"><span class='ocrx_word' id='word_1_86' title='bbox 250 1047 324 1105; x_wconf 91' lang='lat' dir='ltr'><strong>tis</strong></span> <span class='ocrx_word' id='word_1_87' title='bbox 352 1045 522 1105; x_wconf 82' lang='lat' dir='ltr'><strong>fama.</strong></span> <span class='ocrx_word' id='word_1_88' title='bbox 611 1048 763 1104; x_wconf 89' lang='lat' dir='ltr'><strong>Dein</strong></span> <span class='ocrx_word' id='word_1_89' title='bbox 792 1048 862 1105; x_wconf 89' lang='lat' dir='ltr'><strong>L.</strong></span> <span class='ocrx_word' id='word_1_90' title='bbox 888 1045 1162 1103; x_wconf 83' lang='lat' dir='ltr'><strong>Vitellius</strong></span> <span class='ocrx_word' id='word_1_91' title='bbox 1179 1044 1550 1113; x_wconf 80' lang='lat' dir='ltr'><strong>interficitur,</strong></span> <span class='ocrx_word' id='word_1_92' title='bbox 1572 1063 1680 1122; x_wconf 87' lang='lat' dir='ltr'><strong>par</strong></span> <span class='ocrx_word' id='word_1_93' title='bbox 1705 1047 1860 1104; x_wconf 81' lang='lat' dir='ltr'><strong>vitiis</strong></span> <span class='ocrx_word' id='word_1_94' title='bbox 1882 1046 2098 1119; x_wconf 82' lang='lat' dir='ltr'><strong>fratris,</strong></span> <span class='ocrx_word' id='word_1_95' title='bbox 2122 1052 2181 1110; x_wconf 91' lang='lat' dir='ltr'><strong>in</strong></span> 
     </span>
    </p>
   </div>
   <div class='ocr_carea' id='block_1_7' title="bbox 182 1125 2188 1214">
    <p class='ocr_par' dir='ltr' id='par_1_7' title="bbox 182 1125 2188 1214">
     <span class='ocr_line' id='line_1_14' title="bbox 182 1125 2188 1214; baseline 0.003 -30"><span class='ocrx_word' id='word_1_96' title='bbox 182 1187 187 1190; x_wconf 60' lang='grc'>,</span> <span class='ocrx_word' id='word_1_97' title='bbox 253 1126 595 1204; x_wconf 74' lang='lat' dir='ltr'><strong>Principem</strong></span> <span class='ocrx_word' id='word_1_98' title='bbox 622 1126 747 1200; x_wconf 84' lang='lat' dir='ltr'><strong>ejus</strong></span> <span class='ocrx_word' id='word_1_99' title='bbox 773 1125 1138 1201; x_wconf 76' lang='lat' dir='ltr'><strong>vigilantior:</strong></span> <span class='ocrx_word' id='word_1_100' title='bbox 1183 1143 1294 1182; x_wconf 82' lang='lat' dir='ltr'><strong>nec</strong></span> <span class='ocrx_word' id='word_1_101' title='bbox 1341 1125 1588 1200; x_wconf 86' lang='lat' dir='ltr'><strong>perinde</strong></span> <span class='ocrx_word' id='word_1_102' title='bbox 1616 1125 1919 1201; x_wconf 80' lang='lat' dir='ltr'><strong>prosperis</strong></span> <span class='ocrx_word' id='word_1_103' title='bbox 1964 1131 2188 1214; x_wconf 58' lang='lat' dir='ltr'><strong>socius,</strong></span> 
     </span>
    </p>
   </div>
   <div class='ocr_carea' id='block_1_8' title="bbox 248 1206 2184 1520">
    <p class='ocr_par' dir='ltr' id='par_1_8' title="bbox 255 1206 1080 1282">
     <span class='ocr_line' id='line_1_15' title="bbox 255 1206 1080 1282; baseline -0.001 -20"><span class='ocrx_word' id='word_1_104' title='bbox 255 1224 425 1282; x_wconf 86' lang='lat' dir='ltr'><strong>quam</strong></span> <span class='ocrx_word' id='word_1_105' title='bbox 455 1206 713 1263; x_wconf 76' lang='lat' dir='ltr'><strong>adversis</strong></span> <span class='ocrx_word' id='word_1_106' title='bbox 741 1207 1080 1263; x_wconf 86' lang='lat' dir='ltr'><strong>abstractus.</strong></span> 
     </span>
    </p>

    <p class='ocr_par' dir='ltr' id='par_1_9' title="bbox 248 1280 2184 1520">
     <span class='ocr_line' id='line_1_16' title="bbox 336 1280 2183 1363; baseline 0.003 -22"><span class='ocrx_word' id='word_1_107' title='bbox 336 1284 445 1342; x_wconf 87' lang='lat'>111.</span> <span class='ocrx_word' id='word_1_108' title='bbox 493 1284 704 1342; x_wconf 87' lang='lat' dir='ltr'><strong>Iisdem</strong></span> <span class='ocrx_word' id='word_1_109' title='bbox 731 1282 947 1362; x_wconf 68' lang='lat' dir='ltr'><strong>diebusj</strong></span> <span class='ocrx_word' id='word_1_110' title='bbox 960 1281 1215 1341; x_wconf 86' lang='lat' dir='ltr'><strong>Lucilius</strong></span> <span class='ocrx_word' id='word_1_111' title='bbox 1239 1280 1478 1352; x_wconf 84' lang='lat' dir='ltr'><strong>Bassus,</strong></span> <span class='ocrx_word' id='word_1_112' title='bbox 1501 1301 1632 1340; x_wconf 91' lang='lat' dir='ltr'><strong>cum</strong></span> <span class='ocrx_word' id='word_1_113' title='bbox 1656 1281 1933 1358; x_wconf 84' lang='lat' dir='ltr'><strong>expedito</strong></span> <span class='ocrx_word' id='word_1_114' title='bbox 1962 1287 2183 1363; x_wconf 82' lang='lat' dir='ltr'><strong>equite,</strong></span> 
     </span>
     <span class='ocr_line' id='line_1_17' title="bbox 248 1362 2184 1441; baseline 0.002 -19"><span class='ocrx_word' id='word_1_115' title='bbox 248 1363 811 1441; x_wconf 80' lang='lat' dir='ltr'><strong>-ad-componendam</strong></span> <span class='ocrx_word' id='word_1_116' title='bbox 854 1363 1224 1440; x_wconf 82' lang='lat' dir='ltr'><strong>Campaniam</strong></span> <span class='ocrx_word' id='word_1_117' title='bbox 1266 1362 1544 1420; x_wconf 83' lang='lat' dir='ltr'><strong>mittitur:</strong></span> <span class='ocrx_word' id='word_1_118' title='bbox 1588 1362 1951 1422; x_wconf 74' lang='lat' dir='ltr'><strong>discordibus</strong></span> <span class='ocrx_word' id='word_1_119' title='bbox 1999 1368 2184 1425; x_wconf 89' lang='lat' dir='ltr'><strong>muni-</strong></span> 
     </span>
     <span class='ocr_line' id='line_1_18' title="bbox 257 1443 2183 1520; baseline 0.001 -17"><span class='ocrx_word' id='word_1_120' title='bbox 257 1444 544 1519; x_wconf 87' lang='lat' dir='ltr'><strong>cipiorum</strong></span> <span class='ocrx_word' id='word_1_121' title='bbox 568 1444 789 1515; x_wconf 87' lang='lat' dir='ltr'><strong>animis,</strong></span> <span class='ocrx_word' id='word_1_122' title='bbox 812 1443 988 1519; x_wconf 79' lang='lat' dir='ltr'><strong>magis</strong></span> <span class='ocrx_word' id='word_1_123' title='bbox 1009 1444 1165 1501; x_wconf 89' lang='lat' dir='ltr'><strong>inter</strong></span> <span class='ocrx_word' id='word_1_124' title='bbox 1184 1450 1393 1510; x_wconf 88' lang='lat' dir='ltr'><strong>semet,</strong></span> <span class='ocrx_word' id='word_1_125' title='bbox 1416 1461 1586 1520; x_wconf 74' lang='lat' dir='ltr'><strong>quam</strong></span> <span class='ocrx_word' id='word_1_126' title='bbox 1604 1445 2183 1506; x_wconf 82' lang='lat' dir='ltr'><strong>contumaciaadver·</strong></span> 
     </span>
    </p>
   </div>
   <div class='ocr_carea' id='block_1_9' title="bbox 256 1519 2272 1600">
    <p class='ocr_par' dir='ltr' id='par_1_10' title="bbox 256 1519 2272 1600">
     <span class='ocr_line' id='line_1_19' title="bbox 256 1519 2272 1600; baseline -0.001 -18"><span class='ocrx_word' id='word_1_127' title='bbox 256 1543 352 1582; x_wconf 79' lang='lat' dir='ltr'><strong>sus</strong></span> <span class='ocrx_word' id='word_1_128' title='bbox 376 1523 729 1600; x_wconf 78' lang='lat' dir='ltr'><strong>Principem.</strong></span> <span class='ocrx_word' id='word_1_129' title='bbox 820 1523 965 1582; x_wconf 89' lang='lat' dir='ltr'><strong>Viso</strong></span> <span class='ocrx_word' id='word_1_130' title='bbox 1012 1523 1192 1581; x_wconf 88' lang='lat' dir='ltr'><strong>milite</strong></span> <span class='ocrx_word' id='word_1_131' title='bbox 1217 1523 1427 1597; x_wconf 78' lang='lat' dir='ltr'><strong>quies:</strong></span> <span class='ocrx_word' id='word_1_132' title='bbox 1474 1530 1536 1580; x_wconf 88' lang='lat' dir='ltr'><strong>et</strong></span> <span class='ocrx_word' id='word_1_133' title='bbox 1581 1519 1901 1590; x_wconf 81' lang='lat' dir='ltr'><strong>minoribus</strong></span> <span class='ocrx_word' id='word_1_134' title='bbox 1937 1528 2183 1587; x_wconf 85' lang='lat' dir='ltr'><strong>coloniis</strong></span> <span class='ocrx_word' id='word_1_135' title='bbox 2247 1567 2272 1580; x_wconf 52' lang='lat' dir='ltr'><strong><em>s</em></strong></span> 
     </span>
    </p>
   </div>
   <div class='ocr_carea' id='block_1_10' title="bbox 256 1602 2185 1679">
    <p class='ocr_par' dir='ltr' id='par_1_11' title="bbox 256 1602 2185 1679">
     <span class='ocr_line' id='line_1_20' title="bbox 256 1602 2185 1679; baseline 0.004 -19"><span class='ocrx_word' id='word_1_136' title='bbox 256 1604 562 1679; x_wconf 80' lang='lat' dir='ltr'><strong>inpunitas.</strong></span> <span class='ocrx_word' id='word_1_137' title='bbox 644 1603 869 1679; x_wconf 67' lang='lat' dir='ltr'><strong>Capuae</strong></span> <span class='ocrx_word' id='word_1_138' title='bbox 914 1604 1068 1679; x_wconf 85' lang='lat' dir='ltr'><strong>legio</strong></span> <span class='ocrx_word' id='word_1_139' title='bbox 1088 1602 1265 1661; x_wconf 86' lang='lat' dir='ltr'><strong>tertia</strong></span> <span class='ocrx_word' id='word_1_140' title='bbox 1307 1602 1594 1661; x_wconf 84' lang='lat' dir='ltr'><strong>hiemandi</strong></span> <span class='ocrx_word' id='word_1_141' title='bbox 1620 1621 1824 1661; x_wconf 82' lang='lat' dir='ltr'><strong>caussa</strong></span> <span class='ocrx_word' id='word_1_142' title='bbox 1850 1604 2094 1677; x_wconf 85' lang='lat' dir='ltr'><strong>locatur,</strong></span> <span class='ocrx_word' id='word_1_143' title='bbox 2123 1616 2185 1669; x_wconf 86' lang='lat' dir='ltr'><strong>et</strong></span> 
     </span>
    </p>
   </div>
   <div class='ocr_carea' id='block_1_11' title="bbox 192 1682 2216 1755">
    <p class='ocr_par' dir='ltr' id='par_1_12' title="bbox 192 1682 2216 1755">
     <span class='ocr_line' id='line_1_21' title="bbox 192 1682 2216 1755; baseline 0.003 -14"><span class='ocrx_word' id='word_1_144' title='bbox 192 1727 201 1730; x_wconf 37' lang='grc' dir='ltr'>ι</span> <span class='ocrx_word' id='word_1_145' title='bbox 257 1683 458 1741; x_wconf 88' lang='lat' dir='ltr'><strong>domus</strong></span> <span class='ocrx_word' id='word_1_146' title='bbox 484 1684 759 1743; x_wconf 84' lang='lat' dir='ltr'><strong>inlustres</strong></span> <span class='ocrx_word' id='word_1_147' title='bbox 787 1682 1066 1755; x_wconf 82' lang='lat' dir='ltr'><strong>adflictae3</strong></span> <span class='ocrx_word' id='word_1_148' title='bbox 1111 1694 1244 1742; x_wconf 72' lang='lat' dir='ltr'><strong>‘cum</strong></span> <span class='ocrx_word' id='word_1_149' title='bbox 1292 1689 1496 1741; x_wconf 87' lang='lat' dir='ltr'><strong>contra</strong></span> <span class='ocrx_word' id='word_1_150' title='bbox 1523 1682 1984 1743; x_wconf 79' lang='lat' dir='ltr'><strong>Tarracinenses</strong></span> <span class='ocrx_word' id='word_1_151' title='bbox 2025 1689 2216 1750; x_wconf 78' lang='lat' dir='ltr'><strong>nulla</strong></span> 
     </span>
    </p>
   </div>
   <div class='ocr_carea' id='block_1_12' title="bbox 258 1761 2184 2158">
    <p class='ocr_par' dir='ltr' id='par_1_13' title="bbox 258 1761 2184 2158">
     <span class='ocr_line' id='line_1_22' title="bbox 260 1761 2182 1842; baseline 0.002 -20"><span class='ocrx_word' id='word_1_152' title='bbox 260 1783 373 1842; x_wconf 85' lang='lat' dir='ltr'><strong>ope</strong></span> <span class='ocrx_word' id='word_1_153' title='bbox 381 1764 748 1839; x_wconf 79' lang='lat' dir='ltr'><strong>juvarentur.</strong></span> <span class='ocrx_word' id='word_1_154' title='bbox 831 1763 1022 1821; x_wconf 85' lang='lat' dir='ltr'><strong>Tanto</strong></span> <span class='ocrx_word' id='word_1_155' title='bbox 1051 1762 1371 1840; x_wconf 85' lang='lat' dir='ltr'><strong>proclivius</strong></span> <span class='ocrx_word' id='word_1_156' title='bbox 1400 1767 1490 1819; x_wconf 85' lang='lat' dir='ltr'><strong>est</strong></span> <span class='ocrx_word' id='word_1_157' title='bbox 1525 1761 1776 1836; x_wconf 73' lang='lat' dir='ltr'><strong>injuriae,</strong></span> <span class='ocrx_word' id='word_1_158' title='bbox 1805 1782 1972 1838; x_wconf 85' lang='lat' dir='ltr'><strong>quarn</strong></span> <span class='ocrx_word' id='word_1_159' title='bbox 1999 1767 2182 1826; x_wconf 89' lang='lat' dir='ltr'><strong>bene·</strong></span> 
     </span>
     <span class='ocr_line' id='line_1_23' title="bbox 259 1841 2181 1920; baseline 0.002 -18"><span class='ocrx_word' id='word_1_160' title='bbox 259 1843 417 1917; x_wconf 82' lang='lat' dir='ltr'><strong>ficio,</strong></span> <span class='ocrx_word' id='word_1_161' title='bbox 444 1844 637 1903; x_wconf 84' lang='lat' dir='ltr'><strong>vicem</strong></span> <span class='ocrx_word' id='word_1_162' title='bbox 664 1844 980 1901; x_wconf 80' lang='lat' dir='ltr'><strong>exsolvere</strong></span> <span class='ocrx_word' id='word_1_163' title='bbox 1008 1865 1023 1900; x_wconf 71' lang='grc' dir='ltr'><strong>ε</strong></span> <span class='ocrx_word' id='word_1_164' title='bbox 1069 1842 1205 1919; x_wconf 87' lang='lat' dir='ltr'><strong>quia</strong></span> <span class='ocrx_word' id='word_1_165' title='bbox 1246 1842 1430 1916; x_wconf 79' lang='lat' dir='ltr'><strong>gratia</strong></span> <span class='ocrx_word' id='word_1_166' title='bbox 1455 1844 1642 1910; x_wconf 82' lang='lat' dir='ltr'><strong>oneri,</strong></span> <span class='ocrx_word' id='word_1_167' title='bbox 1671 1841 1817 1899; x_wconf 85' lang='lat' dir='ltr'><strong>ultio</strong></span> <span class='ocrx_word' id='word_1_168' title='bbox 1846 1844 1901 1900; x_wconf 87' lang='lat' dir='ltr'><strong>in</strong></span> <span class='ocrx_word' id='word_1_169' title='bbox 1931 1857 2181 1920; x_wconf 84' lang='lat' dir='ltr'><strong>quaestu,</strong></span> 
     </span>
     <span class='ocr_line' id='line_1_24' title="bbox 262 1919 2184 2004; baseline 0.001 -20"><span class='ocrx_word' id='word_1_170' title='bbox 262 1926 530 1984; x_wconf 78' lang='lat' dir='ltr'><strong>habetur.</strong></span> <span class='ocrx_word' id='word_1_171' title='bbox 614 1922 835 1979; x_wconf 85' lang='lat' dir='ltr'><strong>Solatio</strong></span> <span class='ocrx_word' id='word_1_172' title='bbox 858 1921 962 1980; x_wconf 87' lang='lat' dir='ltr'><strong>suit</strong></span> <span class='ocrx_word' id='word_1_173' title='bbox 980 1941 1186 1981; x_wconf 85' lang='lat' dir='ltr'><strong>servus</strong></span> <span class='ocrx_word' id='word_1_174' title='bbox 1214 1920 1479 1997; x_wconf 81' lang='lat' dir='ltr'><strong>Verginii</strong></span> <span class='ocrx_word' id='word_1_175' title='bbox 1503 1919 1825 1996; x_wconf 83' lang='lat' dir='ltr'><strong>Capitonis,</strong></span> <span class='ocrx_word' id='word_1_176' title='bbox 1843 1943 2017 1998; x_wconf 86' lang='lat' dir='ltr'><strong>quem</strong></span> <span class='ocrx_word' id='word_1_177' title='bbox 2045 1946 2184 2004; x_wconf 83' lang='lat' dir='ltr'><strong>pro-</strong></span> 
     </span>
     <span class='ocr_line' id='line_1_25' title="bbox 258 2001 2182 2077; baseline 0.001 -13"><span class='ocrx_word' id='word_1_178' title='bbox 258 2006 509 2065; x_wconf 84' lang='lat' dir='ltr'><strong>ditorem</strong></span> <span class='ocrx_word' id='word_1_179' title='bbox 537 2002 1052 2061; x_wconf 83' lang='lat' dir='ltr'><strong>Tarracinensium</strong></span> <span class='ocrx_word' id='word_1_180' title='bbox 1099 2002 1370 2071; x_wconf 77' lang='lat' dir='ltr'><strong>diximus,</strong></span> <span class='ocrx_word' id='word_1_181' title='bbox 1417 2001 1674 2077; x_wconf 87' lang='lat' dir='ltr'><strong>patibulo</strong></span> <span class='ocrx_word' id='word_1_182' title='bbox 1703 2001 1948 2072; x_wconf 84' lang='lat' dir='ltr'><strong>adfixus,</strong></span> <span class='ocrx_word' id='word_1_183' title='bbox 1979 2006 2036 2063; x_wconf 90' lang='lat' dir='ltr'><strong>in</strong></span> <span class='ocrx_word' id='word_1_184' title='bbox 2085 2009 2182 2066; x_wconf 88' lang='lat' dir='ltr'><strong>iis-</strong></span> 
     </span>
     <span class='ocr_line' id='line_1_26' title="bbox 258 2081 2184 2158; baseline -0.001 -13"><span class='ocrx_word' id='word_1_185' title='bbox 258 2088 392 2145; x_wconf 82' lang='lat' dir='ltr'><strong>dem</strong></span> <span class='ocrx_word' id='word_1_186' title='bbox 421 2083 667 2151; x_wconf 87' lang='lat' dir='ltr'><strong>annulis,</strong></span> <span class='ocrx_word' id='word_1_187' title='bbox 696 2101 841 2158; x_wconf 86' lang='lat' dir='ltr'><strong>quos</strong></span> <span class='ocrx_word' id='word_1_188' title='bbox 869 2090 1141 2158; x_wconf 84' lang='lat' dir='ltr'><strong>acceptos</strong></span> <span class='ocrx_word' id='word_1_189' title='bbox 1169 2101 1201 2137; x_wconf 85' lang='lat' dir='ltr'><strong>a</strong></span> <span class='ocrx_word' id='word_1_190' title='bbox 1230 2081 1474 2138; x_wconf 83' lang='lat' dir='ltr'><strong>Vitellio</strong></span> <span class='ocrx_word' id='word_1_191' title='bbox 1501 2082 1792 2154; x_wconf 59' lang='lat' dir='ltr'><strong>gestabat,</strong></span> <span class='ocrx_word' id='word_1_192' title='bbox 1863 2084 1939 2139; x_wconf 88' lang='lat' dir='ltr'><strong>At</strong></span> <span class='ocrx_word' id='word_1_193' title='bbox 1981 2085 2184 2147; x_wconf 79' lang='lat' dir='ltr'><strong>Romae</strong></span> 
     </span>
    </p>
   </div>
   <div class='ocr_carea' id='block_1_13' title="bbox 226 2158 2185 2236">
    <p class='ocr_par' dir='ltr' id='par_1_14' title="bbox 226 2158 2185 2236">
     <span class='ocr_line' id='line_1_27' title="bbox 226 2158 2185 2236; baseline -0.003 -11"><span class='ocrx_word' id='word_1_194' title='bbox 226 2167 231 2171; x_wconf 76' lang='grc'><strong>’</strong></span> <span class='ocrx_word' id='word_1_195' title='bbox 260 2169 502 2225; x_wconf 88' lang='lat' dir='ltr'><strong>Senatus</strong></span> <span class='ocrx_word' id='word_1_196' title='bbox 528 2168 735 2220; x_wconf 83' lang='lat' dir='ltr'><strong>cuncta</strong></span> <span class='ocrx_word' id='word_1_197' title='bbox 756 2160 1124 2236; x_wconf 86' lang='lat' dir='ltr'><strong>Principibus</strong></span> <span class='ocrx_word' id='word_1_198' title='bbox 1151 2160 1320 2217; x_wconf 84' lang='lat' dir='ltr'><strong>solita</strong></span> <span class='ocrx_word' id='word_1_199' title='bbox 1336 2158 1694 2233; x_wconf 77' lang='lat' dir='ltr'><strong>Vespasiano</strong></span> <span class='ocrx_word' id='word_1_200' title='bbox 1709 2159 1995 2233; x_wconf 86' lang='lat' dir='ltr'><strong>decernit,</strong></span> <span class='ocrx_word' id='word_1_201' title='bbox 2019 2165 2185 2226; x_wconf 74' lang='lat' dir='ltr'><strong>laetus</strong></span> 
     </span>
    </p>
   </div>
   <div class='ocr_carea' id='block_1_14' title="bbox 259 2236 2222 3202">
    <p class='ocr_par' dir='ltr' id='par_1_15' title="bbox 259 2236 2222 3036">
     <span class='ocr_line' id='line_1_28' title="bbox 265 2236 2185 2324; baseline -0.003 -19"><span class='ocrx_word' id='word_1_202' title='bbox 265 2253 329 2305; x_wconf 90' lang='lat' dir='ltr'><strong>et</strong></span> <span class='ocrx_word' id='word_1_203' title='bbox 363 2244 492 2321; x_wconf 90' lang='lat' dir='ltr'><strong>spei</strong></span> <span class='ocrx_word' id='word_1_204' title='bbox 526 2249 726 2300; x_wconf 85' lang='lat' dir='ltr'><strong>certus</strong></span> <span class='ocrx_word' id='word_1_205' title='bbox 754 2263 768 2298; x_wconf 91' lang='lat'><strong>:</strong></span> <span class='ocrx_word' id='word_1_206' title='bbox 815 2240 1032 2317; x_wconf 89' lang='lat' dir='ltr'><strong>quippe</strong></span> <span class='ocrx_word' id='word_1_207' title='bbox 1064 2245 1288 2314; x_wconf 85' lang='lat' dir='ltr'><strong>sumpta</strong></span> <span class='ocrx_word' id='word_1_208' title='bbox 1340 2257 1452 2314; x_wconf 87' lang='lat' dir='ltr'><strong>per</strong></span> <span class='ocrx_word' id='word_1_209' title='bbox 1487 2236 1706 2295; x_wconf 87' lang='lat' dir='ltr'><strong>Gallias</strong></span> <span class='ocrx_word' id='word_1_210' title='bbox 1760 2237 2185 2324; x_wconf 73' lang='lat' dir='ltr'><strong>Hispaniasque</strong></span> 
     </span>
     <span class='ocr_line' id='line_1_29' title="bbox 259 2316 2184 2400; baseline -0.007 -15"><span class='ocrx_word' id='word_1_211' title='bbox 259 2326 461 2385; x_wconf 83' lang='lat' dir='ltr'><strong>civilia</strong></span> <span class='ocrx_word' id='word_1_212' title='bbox 479 2342 656 2390; x_wconf 85' lang='lat' dir='ltr'><strong>arma,</strong></span> <span class='ocrx_word' id='word_1_213' title='bbox 675 2320 843 2379; x_wconf 85' lang='lat' dir='ltr'><strong>motis</strong></span> <span class='ocrx_word' id='word_1_214' title='bbox 876 2321 944 2377; x_wconf 87' lang='lat' dir='ltr'><strong>ad</strong></span> <span class='ocrx_word' id='word_1_215' title='bbox 976 2320 1190 2387; x_wconf 85' lang='lat' dir='ltr'><strong>bellum</strong></span> <span class='ocrx_word' id='word_1_216' title='bbox 1210 2316 1541 2386; x_wconf 84' lang='lat' dir='ltr'><strong>Germanis,</strong></span> <span class='ocrx_word' id='word_1_217' title='bbox 1572 2335 1706 2375; x_wconf 83' lang='lat' dir='ltr'><strong>mox</strong></span> <span class='ocrx_word' id='word_1_218' title='bbox 1737 2316 1998 2395; x_wconf 82' lang='lat' dir='ltr'><strong>Illyrico,</strong></span> <span class='ocrx_word' id='word_1_219' title='bbox 2026 2333 2184 2400; x_wconf 62' lang='lat' dir='ltr'><strong>post.</strong></span> 
     </span>
     <span class='ocr_line' id='line_1_30' title="bbox 264 2397 2186 2485; baseline -0.008 -20"><span class='ocrx_word' id='word_1_220' title='bbox 264 2425 438 2485; x_wconf 75' lang='lat' dir='ltr'><strong>quam</strong></span> <span class='ocrx_word' id='word_1_221' title='bbox 476 2403 814 2480; x_wconf 82' lang='lat' dir='ltr'><strong>AEgyptum,</strong></span> <span class='ocrx_word' id='word_1_222' title='bbox 850 2399 883 2456; x_wconf 89' lang='lat' dir='ltr'>J</span> <span class='ocrx_word' id='word_1_223' title='bbox 892 2401 1110 2458; x_wconf 83' lang='lat' dir='ltr'><strong>udaeam</strong></span> <span class='ocrx_word' id='word_1_224' title='bbox 1147 2397 1490 2474; x_wconf 84' lang='lat' dir='ltr'><strong>Syriamque</strong></span> <span class='ocrx_word' id='word_1_225' title='bbox 1529 2405 1589 2455; x_wconf 92' lang='lat' dir='ltr'><strong>et</strong></span> <span class='ocrx_word' id='word_1_226' title='bbox 1617 2415 1817 2455; x_wconf 90' lang='lat' dir='ltr'><strong>omnes</strong></span> <span class='ocrx_word' id='word_1_227' title='bbox 1855 2403 2186 2476; x_wconf 66' lang='lat' dir='ltr'><strong>provincia.</strong></span> 
     </span>
     <span class='ocr_line' id='line_1_31' title="bbox 264 2479 2187 2558; baseline -0.006 -12"><span class='ocrx_word' id='word_1_228' title='bbox 264 2486 678 2558; x_wconf 80' lang='lat' dir='ltr'><strong>exercitusque</strong></span> <span class='ocrx_word' id='word_1_229' title='bbox 708 2482 1113 2548; x_wconf 86' lang='lat' dir='ltr'><strong>lustraverant,</strong></span> <span class='ocrx_word' id='word_1_230' title='bbox 1132 2479 1293 2536; x_wconf 88' lang='lat' dir='ltr'><strong>velut</strong></span> <span class='ocrx_word' id='word_1_231' title='bbox 1319 2479 1551 2554; x_wconf 79' lang='lat' dir='ltr'><strong>expiato</strong></span> <span class='ocrx_word' id='word_1_232' title='bbox 1572 2484 1862 2536; x_wconf 82' lang='lat' dir='ltr'><strong>terrarum</strong></span> <span class='ocrx_word' id='word_1_233' title='bbox 1891 2482 2058 2552; x_wconf 87' lang='lat' dir='ltr'><strong>orbe,</strong></span> <span class='ocrx_word' id='word_1_234' title='bbox 2087 2504 2187 2545; x_wconf 75' lang='lat' dir='ltr'><strong>ce-</strong></span> 
     </span>
     <span class='ocr_line' id='line_1_32' title="bbox 264 2557 2222 2645; baseline -0.001 -19"><span class='ocrx_word' id='word_1_235' title='bbox 264 2569 420 2645; x_wconf 80' lang='lat' dir='ltr'><strong>pisse</strong></span> <span class='ocrx_word' id='word_1_236' title='bbox 468 2564 642 2622; x_wconf 84' lang='lat' dir='ltr'><strong>finem</strong></span> <span class='ocrx_word' id='word_1_237' title='bbox 670 2560 1037 2619; x_wconf 82' lang='lat' dir='ltr'><strong>videbantur.</strong></span> <span class='ocrx_word' id='word_1_238' title='bbox 1120 2557 1417 2615; x_wconf 82' lang='lat' dir='ltr'><strong>Addidere</strong></span> <span class='ocrx_word' id='word_1_239' title='bbox 1461 2559 1812 2616; x_wconf 85' lang='lat' dir='ltr'><strong>alacritatem</strong></span> <span class='ocrx_word' id='word_1_240' title='bbox 1845 2560 2187 2640; x_wconf 82' lang='lat' dir='ltr'><strong>Vespasiani</strong></span> <span class='ocrx_word' id='word_1_241' title='bbox 2218 2590 2222 2594; x_wconf 52' lang='lat'><em>¹</em></span> 
     </span>
     <span class='ocr_line' id='line_1_33' title="bbox 266 2638 2187 2721; baseline 0 -15"><span class='ocrx_word' id='word_1_242' title='bbox 266 2649 500 2715; x_wconf 69' lang='lat' dir='ltr'><strong>litteras,</strong></span> <span class='ocrx_word' id='word_1_243' title='bbox 524 2651 806 2718; x_wconf 83' lang='lat' dir='ltr'><strong>tamquam</strong></span> <span class='ocrx_word' id='word_1_244' title='bbox 832 2645 1098 2697; x_wconf 87' lang='lat' dir='ltr'><strong>manente</strong></span> <span class='ocrx_word' id='word_1_245' title='bbox 1118 2638 1282 2695; x_wconf 90' lang='lat' dir='ltr'><strong>bello</strong></span> <span class='ocrx_word' id='word_1_246' title='bbox 1309 2638 1543 2714; x_wconf 80' lang='lat' dir='ltr'><strong>scriptae</strong></span> <span class='ocrx_word' id='word_1_247' title='bbox 1569 2659 1582 2695; x_wconf 92' lang='lat'><strong>:</strong></span> <span class='ocrx_word' id='word_1_248' title='bbox 1630 2657 1720 2708; x_wconf 86' lang='lat' dir='ltr'><strong>ea,</strong></span> <span class='ocrx_word' id='word_1_249' title='bbox 1748 2640 1935 2715; x_wconf 88' lang='lat' dir='ltr'><strong>prima</strong></span> <span class='ocrx_word' id='word_1_250' title='bbox 1962 2647 2187 2721; x_wconf 83' lang='lat' dir='ltr'><strong>specie,</strong></span> 
     </span>
     <span class='ocr_line' id='line_1_34' title="bbox 269 2717 2186 2803; baseline -0.003 -17"><span class='ocrx_word' id='word_1_251' title='bbox 269 2728 488 2786; x_wconf 84' lang='lat' dir='ltr'><strong>forma:</strong></span> <span class='ocrx_word' id='word_1_252' title='bbox 538 2720 623 2803; x_wconf 81' lang='lat' dir='ltr'><strong>(e)</strong></span> <span class='ocrx_word' id='word_1_253' title='bbox 655 2728 919 2779; x_wconf 88' lang='lat' dir='ltr'><strong>ceterum</strong></span> <span class='ocrx_word' id='word_1_254' title='bbox 942 2727 1005 2778; x_wconf 88' lang='lat' dir='ltr'><strong>ut</strong></span> <span class='ocrx_word' id='word_1_255' title='bbox 1047 2717 1333 2793; x_wconf 85' lang='lat' dir='ltr'><strong>Princeps</strong></span> <span class='ocrx_word' id='word_1_256' title='bbox 1379 2718 1747 2795; x_wconf 84' lang='lat' dir='ltr'><strong>loquebatur,</strong></span> <span class='ocrx_word' id='word_1_257' title='bbox 1776 2722 1974 2781; x_wconf 87' lang='lat' dir='ltr'><strong>civilia</strong></span> <span class='ocrx_word' id='word_1_258' title='bbox 2018 2727 2092 2785; x_wconf 91' lang='lat' dir='ltr'><strong>de</strong></span> <span class='ocrx_word' id='word_1_259' title='bbox 2121 2746 2186 2787; x_wconf 82' lang='lat' dir='ltr'><strong>se</strong></span> 
     </span>
     <span class='ocr_line' id='line_1_35' title="bbox 269 2796 2183 2878; baseline 0.001 -12"><span class='ocrx_word' id='word_1_260' title='bbox 269 2818 330 2866; x_wconf 86' lang='lat' dir='ltr'><strong>et</strong></span> <span class='ocrx_word' id='word_1_261' title='bbox 381 2802 745 2878; x_wconf 81' lang='lat' dir='ltr'><strong>Reipublicae</strong></span> <span class='ocrx_word' id='word_1_262' title='bbox 794 2796 1025 2875; x_wconf 86' lang='lat' dir='ltr'><strong>egregia</strong></span> <span class='ocrx_word' id='word_1_263' title='bbox 1050 2821 1064 2856; x_wconf 90' lang='lat'><strong>:</strong></span> <span class='ocrx_word' id='word_1_264' title='bbox 1121 2816 1233 2856; x_wconf 87' lang='lat' dir='ltr'><strong>nec</strong></span> <span class='ocrx_word' id='word_1_265' title='bbox 1282 2797 1523 2856; x_wconf 87' lang='lat' dir='ltr'><strong>Senatus</strong></span> <span class='ocrx_word' id='word_1_266' title='bbox 1572 2799 1913 2875; x_wconf 85' lang='lat' dir='ltr'><strong>obsequium</strong></span> <span class='ocrx_word' id='word_1_267' title='bbox 1962 2804 2183 2869; x_wconf 81' lang='lat' dir='ltr'><strong>deerat.</strong></span> 
     </span>
     <span class='ocr_line' id='line_1_36' title="bbox 269 2876 2188 2963; baseline -0.001 -18"><span class='ocrx_word' id='word_1_268' title='bbox 269 2885 391 2963; x_wconf 89' lang='lat' dir='ltr'><strong>Ipsi</strong></span> <span class='ocrx_word' id='word_1_269' title='bbox 420 2892 435 2918; x_wconf 88' lang='lat'>‘</span> <span class='ocrx_word' id='word_1_270' title='bbox 466 2881 810 2939; x_wconf 84' lang='lat' dir='ltr'><strong>Consulatus</strong></span> <span class='ocrx_word' id='word_1_271' title='bbox 830 2899 962 2938; x_wconf 87' lang='lat' dir='ltr'><strong>cum</strong></span> <span class='ocrx_word' id='word_1_272' title='bbox 980 2879 1121 2937; x_wconf 90' lang='lat' dir='ltr'><strong>Tito</strong></span> <span class='ocrx_word' id='word_1_273' title='bbox 1138 2876 1282 2945; x_wconf 80' lang='lat' dir='ltr'><strong>filio,</strong></span> <span class='ocrx_word' id='word_1_274' title='bbox 1312 2877 1578 2938; x_wconf 83' lang='lat' dir='ltr'><strong>Praetura</strong></span> <span class='ocrx_word' id='word_1_275' title='bbox 1595 2878 1922 2940; x_wconf 85' lang='lat' dir='ltr'><strong>Domitiano</strong></span> <span class='ocrx_word' id='word_1_276' title='bbox 1944 2891 2005 2943; x_wconf 92' lang='lat' dir='ltr'><strong>et</strong></span> <span class='ocrx_word' id='word_1_277' title='bbox 2033 2885 2188 2947; x_wconf 82' lang='lat' dir='ltr'><strong>Con·</strong></span> 
     </span>
     <span class='ocr_line' id='line_1_37' title="bbox 272 2959 1778 3036; baseline -0.011 -12"><span class='ocrx_word' id='word_1_278' title='bbox 272 2975 290 3003; x_wconf 87' lang='lat'>‘</span> <span class='ocrx_word' id='word_1_279' title='bbox 319 2965 511 3025; x_wconf 85' lang='lat' dir='ltr'><strong>sulare</strong></span> <span class='ocrx_word' id='word_1_280' title='bbox 535 2960 859 3036; x_wconf 86' lang='lat' dir='ltr'><strong>imperium&#39;</strong></span> <span class='ocrx_word' id='word_1_281' title='bbox 889 2959 1307 3016; x_wconf 87' lang='lat' dir='ltr'><strong>decernuntur.</strong></span> <span class='ocrx_word' id='word_1_282' title='bbox 1775 2976 1778 2981; x_wconf 65' lang='grc'><strong><em>’</em></strong></span> 
     </span>
    </p>

    <p class='ocr_par' dir='ltr' id='par_1_16' title="bbox 265 3035 2192 3202">
     <span class='ocr_line' id='line_1_38' title="bbox 353 3035 2191 3117; baseline -0.003 -14"><span class='ocrx_word' id='word_1_283' title='bbox 353 3044 459 3103; x_wconf 77' lang='lat' dir='ltr'><strong>lv.</strong></span> <span class='ocrx_word' id='word_1_284' title='bbox 504 3040 746 3100; x_wconf 83' lang='lat' dir='ltr'><strong>Miserat</strong></span> <span class='ocrx_word' id='word_1_285' title='bbox 773 3045 832 3098; x_wconf 91' lang='lat' dir='ltr'><strong>et</strong></span> <span class='ocrx_word' id='word_1_286' title='bbox 860 3038 1162 3095; x_wconf 86' lang='lat' dir='ltr'><strong>Mucianus</strong></span> <span class='ocrx_word' id='word_1_287' title='bbox 1204 3035 1479 3111; x_wconf 85' lang='lat' dir='ltr'><strong>epistolas</strong></span> <span class='ocrx_word' id='word_1_288' title='bbox 1502 3036 1573 3092; x_wconf 88' lang='lat' dir='ltr'><strong>ad</strong></span> <span class='ocrx_word' id='word_1_289' title='bbox 1603 3036 1893 3108; x_wconf 85' lang='lat' dir='ltr'><strong>Senatum,</strong></span> <span class='ocrx_word' id='word_1_290' title='bbox 1922 3060 2052 3117; x_wconf 82' lang='lat' dir='ltr'><strong>quae</strong></span> <span class='ocrx_word' id='word_1_291' title='bbox 2075 3064 2191 3105; x_wconf 81' lang='lat' dir='ltr'><strong>ma.</strong></span> 
     </span>
     <span class='ocr_line' id='line_1_39' title="bbox 265 3114 2192 3202; baseline -0.004 -15"><span class='ocrx_word' id='word_1_292' title='bbox 265 3127 473 3188; x_wconf 84' lang='lat' dir='ltr'><strong>teriam</strong></span> <span class='ocrx_word' id='word_1_293' title='bbox 500 3118 863 3189; x_wconf 74' lang='lat' dir='ltr'><strong>sermonibus</strong></span> <span class='ocrx_word' id='word_1_294' title='bbox 892 3118 1206 3196; x_wconf 80' lang='lat' dir='ltr'><strong>praebuere</strong></span> <span class='ocrx_word' id='word_1_295' title='bbox 1230 3137 1245 3172; x_wconf 91' lang='lat'><strong>:</strong></span> <span class='ocrx_word' id='word_1_296' title='bbox 1294 3122 1309 3147; x_wconf 91' lang='lat'>‘</span> <span class='ocrx_word' id='word_1_297' title='bbox 1339 3114 1386 3171; x_wconf 80' lang='lat' dir='ltr'><strong>si</strong></span> <span class='ocrx_word' id='word_1_298' title='bbox 1412 3114 1669 3190; x_wconf 86' lang='lat' dir='ltr'><strong>privatus</strong></span> <span class='ocrx_word' id='word_1_299' title='bbox 1717 3125 1895 3190; x_wconf 82' lang='lat' dir='ltr'><strong>esset,</strong></span> <span class='ocrx_word' id='word_1_300' title='bbox 1918 3140 2026 3180; x_wconf 90' lang='lat' dir='ltr'><strong>cur</strong></span> <span class='ocrx_word' id='word_1_301' title='bbox 2046 3129 2192 3202; x_wconf 85' lang='lat' dir='ltr'><strong>pub.</strong></span> 
     </span>
    </p>
   </div>
   <div class='ocr_carea' id='block_1_15' title="bbox 270 3351 2191 3807">
    <p class='ocr_par' dir='ltr' id='par_1_17' title="bbox 339 3351 1992 3420">
     <span class='ocr_line' id='line_1_40' title="bbox 339 3351 1992 3420; baseline -0.005 -8"><span class='ocrx_word' id='word_1_302' title='bbox 339 3378 368 3413; x_wconf 78' lang='grc' dir='ltr'><strong><em>ο</em></strong></span> <span class='ocrx_word' id='word_1_303' title='bbox 398 3358 645 3410; x_wconf 66' lang='lat' dir='ltr'><strong>Ariciam.</strong></span> <span class='ocrx_word' id='word_1_304' title='bbox 711 3358 806 3408; x_wconf 84' lang='lat' dir='ltr'><strong>See</strong></span> <span class='ocrx_word' id='word_1_305' title='bbox 818 3360 934 3404; x_wconf 86' lang='lat' dir='ltr'><strong>note</strong></span> <span class='ocrx_word' id='word_1_306' title='bbox 956 3359 1008 3402; x_wconf 84' lang='lat' dir='ltr'><strong>to</strong></span> <span class='ocrx_word' id='word_1_307' title='bbox 1028 3369 1126 3403; x_wconf 83' lang='lat' dir='ltr'><strong>sec.</strong></span> <span class='ocrx_word' id='word_1_308' title='bbox 1141 3354 1322 3403; x_wconf 74' lang='lat' dir='ltr'><strong>xxxvi.</strong></span> <span class='ocrx_word' id='word_1_309' title='bbox 1344 3353 1481 3401; x_wconf 78' lang='lat' dir='ltr'><strong>book</strong></span> <span class='ocrx_word' id='word_1_310' title='bbox 1501 3351 1573 3400; x_wconf 90' lang='lat' dir='ltr'><strong>iii.</strong></span> <span class='ocrx_word' id='word_1_311' title='bbox 1596 3353 1655 3400; x_wconf 85' lang='lat' dir='ltr'><strong>of</strong></span> <span class='ocrx_word' id='word_1_312' title='bbox 1666 3356 1765 3401; x_wconf 81' lang='lat' dir='ltr'><strong>this</strong></span> <span class='ocrx_word' id='word_1_313' title='bbox 1785 3356 1992 3420; x_wconf 75' lang='lat' dir='ltr'><strong>history.</strong></span> 
     </span>
    </p>

    <p class='ocr_par' dir='ltr' id='par_1_18' title="bbox 270 3419 2191 3548">
     <span class='ocr_line' id='line_1_41' title="bbox 339 3419 2191 3486; baseline -0.006 -9"><span class='ocrx_word' id='word_1_314' title='bbox 339 3429 374 3477; x_wconf 77' lang='lat' dir='ltr'><em>d</em></span> <span class='ocrx_word' id='word_1_315' title='bbox 406 3426 632 3482; x_wconf 75' lang='lat' dir='ltr'><strong>Bovinae,</strong></span> <span class='ocrx_word' id='word_1_316' title='bbox 665 3440 699 3472; x_wconf 77' lang='lat' dir='ltr'><strong>a</strong></span> <span class='ocrx_word' id='word_1_317' title='bbox 728 3430 864 3474; x_wconf 80' lang='lat' dir='ltr'><strong>town</strong></span> <span class='ocrx_word' id='word_1_318' title='bbox 904 3421 964 3469; x_wconf 79' lang='lat' dir='ltr'><strong>of</strong></span> <span class='ocrx_word' id='word_1_319' title='bbox 996 3419 1221 3478; x_wconf 80' lang='lat' dir='ltr'><strong>Latium,</strong></span> <span class='ocrx_word' id='word_1_320' title='bbox 1254 3434 1377 3473; x_wconf 77' lang='lat' dir='ltr'><strong>near</strong></span> <span class='ocrx_word' id='word_1_321' title='bbox 1413 3422 1589 3468; x_wconf 87' lang='lat' dir='ltr'><strong>mount</strong></span> <span class='ocrx_word' id='word_1_322' title='bbox 1625 3419 1877 3480; x_wconf 76' lang='lat' dir='ltr'><strong>Albanus:</strong></span> <span class='ocrx_word' id='word_1_323' title='bbox 1912 3422 2070 3477; x_wconf 73' lang='lat' dir='ltr'><strong>about</strong></span> <span class='ocrx_word' id='word_1_324' title='bbox 2106 3436 2191 3486; x_wconf 61' lang='lat' dir='ltr'><strong>te,</strong></span> 
     </span>
     <span class='ocr_line' id='line_1_42' title="bbox 270 3486 1318 3548; baseline -0.01 -3"><span class='ocrx_word' id='word_1_325' title='bbox 270 3494 416 3546; x_wconf 77' lang='lat' dir='ltr'><strong>miles</strong></span> <span class='ocrx_word' id='word_1_326' title='bbox 437 3492 567 3542; x_wconf 80' lang='lat' dir='ltr'><strong>from</strong></span> <span class='ocrx_word' id='word_1_327' title='bbox 589 3491 767 3548; x_wconf 88' lang='lat' dir='ltr'><strong>Rome,</strong></span> <span class='ocrx_word' id='word_1_328' title='bbox 783 3505 846 3537; x_wconf 81' lang='lat' dir='ltr'><strong>on</strong></span> <span class='ocrx_word' id='word_1_329' title='bbox 865 3488 951 3536; x_wconf 78' lang='lat' dir='ltr'><strong>the</strong></span> <span class='ocrx_word' id='word_1_330' title='bbox 969 3486 1165 3548; x_wconf 78' lang='lat' dir='ltr'><strong>Appian</strong></span> <span class='ocrx_word' id='word_1_331' title='bbox 1187 3501 1318 3548; x_wconf 73' lang='lat' dir='ltr'><strong>way.</strong></span> 
     </span>
    </p>

    <p class='ocr_par' dir='ltr' id='par_1_19' title="bbox 274 3551 2189 3807">
     <span class='ocr_line' id='line_1_43' title="bbox 343 3551 2189 3621; baseline -0.003 -12"><span class='ocrx_word' id='word_1_332' title='bbox 343 3577 369 3610; x_wconf 78' lang='lat' dir='ltr'><strong>e</strong></span> <span class='ocrx_word' id='word_1_333' title='bbox 408 3559 502 3616; x_wconf 74' lang='lat' dir='ltr'><strong>Ea,</strong></span> <span class='ocrx_word' id='word_1_334' title='bbox 520 3560 686 3621; x_wconf 72' lang='lat' dir='ltr'><strong>prima</strong></span> <span class='ocrx_word' id='word_1_335' title='bbox 714 3551 1228 3620; x_wconf 73' lang='lat' dir='ltr'><strong>specie,serma--viz.</strong></span> <span class='ocrx_word' id='word_1_336' title='bbox 1254 3552 1312 3599; x_wconf 84' lang='lat' dir='ltr'><strong>of</strong></span> <span class='ocrx_word' id='word_1_337' title='bbox 1334 3551 1421 3598; x_wconf 85' lang='lat' dir='ltr'><strong>the</strong></span> <span class='ocrx_word' id='word_1_338' title='bbox 1440 3551 1628 3607; x_wconf 85' lang='lat' dir='ltr'><strong>letters,</strong></span> <span class='ocrx_word' id='word_1_339' title='bbox 1651 3551 1822 3599; x_wconf 81' lang='lat' dir='ltr'><strong>which</strong></span> <span class='ocrx_word' id='word_1_340' title='bbox 1846 3560 2102 3615; x_wconf 73' lang='lat' dir='ltr'><strong>appeared</strong></span> <span class='ocrx_word' id='word_1_341' title='bbox 2134 3567 2189 3610; x_wconf 67' lang='lat' dir='ltr'><strong>t·</strong></span> 
     </span>
     <span class='ocr_line' id='line_1_44' title="bbox 275 3616 2187 3689; baseline -0.005 -12"><span class='ocrx_word' id='word_1_342' title='bbox 275 3624 409 3677; x_wconf 74' lang='lat' dir='ltr'><strong>have</strong></span> <span class='ocrx_word' id='word_1_343' title='bbox 428 3625 559 3672; x_wconf 81' lang='lat' dir='ltr'><strong>been</strong></span> <span class='ocrx_word' id='word_1_344' title='bbox 575 3621 776 3688; x_wconf 64' lang='lat' dir='ltr'><strong>written</strong></span> <span class='ocrx_word' id='word_1_345' title='bbox 790 3619 962 3675; x_wconf 74' lang='lat' dir='ltr'><strong>before</strong></span> <span class='ocrx_word' id='word_1_346' title='bbox 981 3616 1067 3664; x_wconf 80' lang='lat' dir='ltr'><strong>the</strong></span> <span class='ocrx_word' id='word_1_347' title='bbox 1088 3617 1403 3666; x_wconf 74' lang='lat' dir='ltr'><strong>termination</strong></span> <span class='ocrx_word' id='word_1_348' title='bbox 1425 3617 1482 3666; x_wconf 85' lang='lat' dir='ltr'><strong>of</strong></span> <span class='ocrx_word' id='word_1_349' title='bbox 1493 3617 1580 3665; x_wconf 79' lang='lat' dir='ltr'><strong>the</strong></span> <span class='ocrx_word' id='word_1_350' title='bbox 1602 3630 1726 3673; x_wconf 70' lang='lat' dir='ltr'><strong>war.</strong></span> <span class='ocrx_word' id='word_1_351' title='bbox 1746 3617 1846 3689; x_wconf 55' lang='lat' dir='ltr'><strong>qud</strong></span> <span class='ocrx_word' id='word_1_352' title='bbox 1866 3618 1937 3680; x_wconf 75' lang='lat' dir='ltr'><strong>by</strong></span> <span class='ocrx_word' id='word_1_353' title='bbox 1954 3634 2048 3668; x_wconf 85' lang='lat' dir='ltr'><strong>one</strong></span> <span class='ocrx_word' id='word_1_354' title='bbox 2073 3625 2187 3677; x_wconf 63' lang='grc' dir='ltr'><strong>νὴ.</strong></span> 
     </span>
     <span class='ocr_line' id='line_1_45' title="bbox 274 3685 2044 3807; baseline -0.011 -65"><span class='ocrx_word' id='word_1_355' title='bbox 274 3692 381 3742; x_wconf 66' lang='lat' dir='ltr'><strong>tund</strong></span> <span class='ocrx_word' id='word_1_356' title='bbox 395 3695 486 3741; x_wconf 79' lang='lat' dir='ltr'><strong>not</strong></span> <span class='ocrx_word' id='word_1_357' title='bbox 499 3686 735 3738; x_wconf 76' lang='lat' dir='ltr'><strong>obtained</strong></span> <span class='ocrx_word' id='word_1_358' title='bbox 753 3687 843 3738; x_wconf 79' lang='lat' dir='ltr'><strong>the</strong></span> <span class='ocrx_word' id='word_1_359' title='bbox 860 3697 1090 3747; x_wconf 76' lang='lat' dir='ltr'><strong>supreme</strong></span> <span class='ocrx_word' id='word_1_360' title='bbox 1110 3685 1387 3807; x_wconf 56' lang='grc' dir='ltr'><strong>οοηίῑὲωιᾱ.</strong></span> <span class='ocrx_word' id='word_1_361' title='bbox 2043 3690 2044 3693; x_wconf 61' lang='grc'>’</span> 
     </span>
    </p>
   </div>
  </div>
 </body>
</html>
