2459 4075
299 208 354 258 a.
387 208 446 252 c.
477 195 574 252 ee.
812 186 1140 269 msa-ou.
1183 187 1339 249 Lm.
1383 187 1710 249 ramus,
2144 187 2228 251 es

306 333 515 408 inviso,
545 339 871 414 petebatur.
957 335 1194 408 Celsus,
1241 344 1580 396 constanter
1627 340 1884 396 servatae
1925 352 2063 411 erga
2105 336 2248 397 Gal-

305 420 436 478 bam
487 417 624 477 fidei
682 418 909 477 crimen
963 418 1292 488 confessae,
1342 418 1676 494 exemplum
1731 417 1891 473 ultro
1943 417 2240 493 inputavit.

305 497 405 580 (g)
438 496 570 557 Nec
599 497 782 569 Otho,
802 517 966 575 quasi
984 498 1339 572 ignosceret
1359 498 1489 564 sed,
1513 492 1786 555 ne'hostis
1803 503 2019 556 metum
2039 515 2246 556 recon-

226 630 239 635 -
294 578 603 639 οἱΙίιιίοιιίε
658 542 988 647 adhiberet,
1031 580 1221 637 statim
1273 578 1431 637 inter
1477 575 1707 636 intimos
1749 577 1966 635 amicos
2022 577 2248 647 habuit,

256 710 271 720 ,
301 667 363 719 ct
390 677 526 718 mox
547 658 708 716 bello
756 660 913 717 inter
938 622 1134 717 Duces
1182 659 1439 733 delegit:
1488 659 1807 735 mansitque
1850 656 2054 728 Celso,
2084 659 2247 718 velut

298 738 576 809 fataliter,
606 740 779 797 etiam
827 758 939 814 pro
981 738 1217 797 Othone
1261 738 1406 797 fides
1427 738 1652 815 integra
1690 745 1752 795 et
1770 735 1997 794 infelix.
2084 735 2248 796 Laeta

274 818 663 896 sprimoribus
684 818 955 888 civitatis,
985 820 1331 876 celebrata
1314 839 1375 878 m
1402 822 1605 910 vulgus
1633 818 1796 877 Celsi
1829 819 2007 886 salus,
2035 836 2114 876 ne
2139 817 2248 875 mi-

300 899 496 958 litibus
558 899 790 975 quidem
818 898 1040 974 ingrata
1066 897 1195 968 fuit,
1237 899 1482 958 eandem
1502 900 1782 958 virtutem
1810 897 2250 968 eumn-antibus,

234 1007 241 1010 ¹
307 981 405 1039 cui
426 980 847 1037 irascebantur.

384 1058 635 1117 LXXII.
680 1059 798 1115 Par
816 1058 951 1115 inde
981 1036 1292 1117 exsultatio
1307 1056 1634 1132 disparibus
1661 1058 1876 1117 caussis
1905 1064 2242 1134 consecuta,

231 1144 241 1150 ’
302 1140 621 1212 impetrata
642 1137 929 1210 Tigellini
955 1137 1157 1193 exitio.
1245 1135 1574 1211 Sophonius
1596 1135 1946 1209 Tigellinus
1981 1127 2245 1196 obscuris

307 1215 678 1293 parentibus,
721 1213 875 1271 foeda
899 1215 1172 1289 pueritia,
1200 1213 1492 1289 impudica
1537 1221 1796 1285 senecta,
1825 1216 2249 1275 Praefecturam

310 1294 556 1384 vigilum
601 1301 662 1352 ct
691 1293 963 1353 Praetorii
992 1300 1054 1351 et
1080 1294 1190 1352 alia
1215 1292 1462 1370 praemia
1483 1291 1767 1351 virtutum
1812 1296 1949 1372 quia
1983 1297 2249 1353 velocius

309 1382 442 1435 erat
479 1373 635 1433 vitiis
663 1374 929 1449 adeptus,
979 1373 1379 1432 crudelitatem
1406 1391 1562 1443 mox,
1598 1372 1810 1432 deinde
1852 1376 2152 1433 avaritiam
2193 1382 2254 1433 et

308 1453 507 1515 virilia
530 1455 760 1512 scelera
784 1454 1072 1530 exercuit,
1098 1460 1387 1530 conrupto
1414 1453 1485 1511 ad
1512 1473 1683 1512 omne
1711 1453 1931 1513 facinus
1957 1454 2245 1528 Nerone,

314 1535 579 1625 quaedam
626 1535 826 1610 ignaro
871 1553 1062 1605 susm,
1092 1553 1160 1593 ac
1207 1541 1508 1611 postremo
1553 1534 1815 1610 ejusdem
1857 1536 2132 1594 desertor
2177 1554 2248 1593 ac

295 1614 599 1694 'pl-oditur.
681 1612 854 1671 Unde
880 1632 997 1673 uon
1026 1615 1205 1673 alium
1240 1613 1596 1690 pertinacius
1645 1615 1718 1673 ud
1759 1635 1997 1692 poenam
2023 1613 2242 1708 flagite-

314 1713 484 1764 vere,
510 1694 748 1753 diverso
775 1692 1025 1765 adfectu,
1048 1695 1260 1772 quibus
1281 1691 1476 1752 odium
1502 1694 1761 1753 Neronis
1787 1696 1999 1766 inerat,
2027 1703 2091 1754 et
2116 1695 2248 1772 qui·

316 1776 425 1834 bus
448 1737 822 1834 desiderium.
910 1776 1079 1852 Apud
1096 1775 1346 1833 Galbam
1373 1773 1451 1831 T.
1479 1774 1635 1832 Vinii
1663 1776 1922 1852 potentia
1947 1773 2248 1847 defensus,

318 1856 720 2005 Ξειειειιιίε,
743 1862 1071 1915 se‘rvatam
1099 1856 1172 1913 ab
1193 1872 1268 1912 eo
1303 1852 1543 1912 filiamz'
1589 1862 1649 1913 et
1668 1855 1818 1914 haud
1839 1855 2018 1913 dubie
2045 1873 2247 1914 serva·

398 1942 488 1994 rat
529 1954 645 1994 non
665 1936 998 2005 clementia,
1019 1936 1239 2024 quippe
1261 1940 1348 1992 tot
1371 1932 1718 2004 interfectis,
1730 1936 1835 1994 sed
1854 1934 2104 2011 effugio'
2089 1954 2149 1993 ιιι
2165 1933 2256 1994 ἦι-

318 2021 552 2078 turum:
600 2015 737 2093 quia
760 2015 1050 2091 pessimus
1078 2014 1349 2092 quisque,
1376 2012 1695 2074 diffidentia
1719 2016 2099 2092 praesentium
2125 2032 2252 2073 mu·

320 2086 598 2155 tationem
619 2113 864 2170 pavens,
892 2095 1171 2152 adversus
1210 2093 1514 2175 publicum
1540 2093 1736 2150 odium
1760 2095 2047 2170 privatam
2074 2092 2249 2168 grati-

322 2195 415 2235 am
440 2179 777 2251 praeparat:
833 2173 990 2229 unde
1006 2172 1171 2228 nulla
1188 2166 1537 2228 innocentiae
1564 2188 1727 2239 cura,
1745 2173 1852 2239 sed
1877 2172 2041 2230 vices
2085 2172 2253 2249 inpu-

317 2254 535 2315 nitatis·
618 2251 707 2308 Eo
753 2249 1037 2308 infensior
1082 2250 1357 2326 populus,
1405 2247 1594 2307 addita
1621 2250 1704 2307 ad
1752 2257 1922 2309 vetus
1976 2251 2256 2344 Tigellini

324 2413 599 2492 palatium
642 2431 710 2470 ac
751 2411 901 2481 fora,
928 2418 1011 2481 et,
1041 2411 1139 2469 ubi
1167 2408 1419 2502 plurima
1462 2409 1617 2485 vulgi
1646 2410 1902 2481 licentia,
1929 2410 1990 2468 in
2035 2410 2261 2469 circum

324 2513 395 2553 ac
413 2496 644 2553 theatra
676 2490 868 2562 effusi,
897 2491 1186 2550 seditiosis
1229 2486 1473 2549 vocibus
1501 2491 1886 2568 obstrepere·
1931 2491 2119 2553 donec
2150 2490 2257 2548 Ti-

325 2572 594 2653 gellium,
633 2579 877 2649 accepto
905 2572 1056 2663 apud
1079 2572 1458 2630 Sinuessanas
1489 2568 1581 2649 (h)
1612 2590 1791 2648 aquas
1831 2590 2124 2649 supremae
2153 2589 2257 2630 ne·

329 2654 612 2713 cessitatis
666 2652 890 2724 nuntio,
938 2653 1093 2711 inter
1124 2658 1327 2728 stupra
1366 2650 1818 2710 concubinarum
1862 2660 1922 2710 et
1962 2653 2162 2711 oscula
2202 2657 2265 2710 et

327 2732 619 2793 deformes
667 2751 880 2802 moras,
919 2732 1094 2791 sectis
1143 2731 1426 2790 novacula
1452 2729 1736 2802 faucibus,
1765 2730 2036 2791 infamem
2076 2732 2257 2792 vitam

328 2812 573 2874 soedavit
594 2812 767 2870 etiam
796 2812 956 2871 exitu
986 2811 1117 2871 fero
1141 2819 1201 2870 et
1226 2811 1556 2869 inhonesto.

406 2890 685 2951 LXXIII.
733 2888 851 2949 Per
902 2892 1057 2950 idem
1104 2898 1333 2968 tempus
1382 2892 1742 2967 expostulata
1779 2891 1849 2948 ad
1901 2892 2253 2969 supplicium

331 2973 541 3031 Calvia
559 2970 897 3046 Crispinilla
921 2972 1098 3030 variis
1124 2970 1612 3041 frustrationibus,
1642 2978 1704 3029 et
1722 2971 1965 3029 adversa
1992 2972 2255 3031 dissimu-

323 3044 503 3111 lautis
532 3050 817 3128 Principis
834 3050 1000 3123 fama,
1030 3051 1298 3143 periculo
1326 3056 1599 3126 exempta
1616 3057 1736 3109 est.
1781 3051 2049 3125 magistra
2073 3052 2276 3112 libidi-

334 3151 473 3192 num
501 3131 557 3190 N
562 3148 779 3201 eroms
799 3138 1157 3207 transgressa
1197 3131 1257 3189 in
1278 3130 1554 3198 Africam,
1582 3130 1651 3186 ad
1679 3129 2054 3205 instigandum
2082 3130 2164 3212 (i)
2198 3133 2261 3192 in

336 3231 494 3278 arma
519 3211 792 3271 Clodium
819 3211 1105 3281 Macrum,
1134 3209 1341 3269 famem
1360 3210 1578 3287 populo
1602 3207 1785 3267 Rom.
1831 3210 1983 3267 haud
2010 3213 2263 3272 obscure

400 3389 438 3438 g
474 3373 767 3436 Exemplum
801 3373 932 3420 ultro
969 3372 1238 3436 inputavit.
1304 3368 1485 3418 Celsus
1506 3368 1907 3432 acknowledged
1949 3370 2025 3419 his
2064 3369 2264 3434 fidelity

338 3445 392 3489 to
415 3438 601 3497 Galba,
624 3438 724 3484 aud
761 3453 825 3485 on
848 3436 946 3485 this
967 3443 1191 3485 account
1201 3435 1431 3497 justified
1453 3434 1661 3483 himself
1685 3441 1737 3483 to
1760 3435 1911 3493 Otho,
1936 3436 2106 3484 whose
2126 3435 2263 3484 inte·

341 3510 449 3554 rest
470 3504 513 3552 it
530 3518 632 3550 was
653 3510 706 3551 to
726 3504 859 3552 bave
874 3502 1082 3550 faithful
1105 3500 1318 3549 officers.

403 3571 440 3620 h
474 3570 729 3629 Sinuessa,
764 3584 796 3616 a
816 3573 951 3616 town
973 3567 1032 3616 of
1045 3567 1274 3627 Latium,
1300 3567 1454 3614 much
1474 3564 1781 3628 frequented
1803 3565 1880 3612 sor
1900 3565 1989 3611 the
2010 3559 2263 3618 salubrity

341 3637 470 3688 ofits
488 3640 707 3691 waters·
742 3649 858 3684 now
880 3633 1045 3683 called
1071 3632 1390 3694 Garigliam.

265 3703 268 3709 ’
415 3706 439 3752 i
470 3703 556 3753 Ad
575 3701 938 3766 instigandum,
962 3706 1048 3750 cte.
1068 3702 1120 3748 ιο
1142 3711 1366 3761 revenge
1382 3697 1471 3746 the
1492 3694 1649 3744 death
1673 3693 1729 3741 os
1744 3693 1898 3739 Nero.
