2459 4075
294 227 346 266 s.
381 228 436 266 c,
469 212 565 267 69.
741 207 1069 267 HISTOR.
1115 209 1269 267 LIB.
1317 207 1799 268 SECUNDUS>
2139 207 2217 261 83

275 352 551 431 §primum
587 353 885 430 specimen
925 356 1296 414 noscebatur.
1381 354 1458 414 Et
1484 353 1737 412 Triariae
1774 352 2070 411 licentiam
2097 370 2218 408 mo-

301 432 527 490 destum
556 453 591 491 e
619 433 887 510 proximo
910 436 1245 511 exemplum
1269 437 1566 504 onerabat,
1587 434 1825 493 Galeria
1852 431 2225 508 Imperatoris

220 559 242 586 s
298 529 466 582 uxor,
495 533 609 570 non
648 514 886 572 inmixta
917 514 1173 573 tristibus
1202 515 1314 595 :(e)
1360 523 1421 573 et
1447 515 1574 591 pari
1600 513 1892 590 probitate
1914 517 2099 569 mater
2124 509 2226 566 Vi-

292 591 612 661 telliorum,
642 594 904 663 Sextilia,
933 580 1149 671 antiqui
1195 595 1396 653 moris.
1483 594 1717 652 Dixisse
1766 592 1905 670 quin
1935 591 2129 660 etiam,
2157 589 2226 648 ad

295 672 509 746 primas
539 672 642 729 filii
663 674 752 730 sui
780 675 1076 750 epistolas,
1103 674 1426 745 serebatur,
1457 683 1473 709 ‘
1492 694 1609 732 non
1631 672 2050 731 Germanicum
2078 689 2112 726 a
2137 688 2225 740 se,
2278 743 2289 752 ·

300 752 437 807 ‘sed
459 751 761 811 Vitellium
786 754 1087 828 genitum.’
1170 753 1301 814 Nec
1330 757 1464 814 ullis
1493 762 1697 832 postea
1722 752 1969 814 fortunae
2009 750 2227 808 inlece-

297 830 440 900 bris,
470 838 566 889 aut
591 833 808 892 ambitu
827 832 1101 902 civitati&
1123 833 1181 890 in
1202 835 1464 908 gaudium
1487 836 1699 906 evicta,
1728 832 1840 913 (s)
1879 832 2083 890 domus
2110 848 2229 888 ssuae

296 917 515 968 tantum
537 912 785 971 adversa
805 914 1005 972 sensit.

378 989 562 1049 LXV.
609 991 948 1067 Digressum
977 1012 1010 1051 a
1036 989 1317 1068 Lugduno
1345 993 1642 1052 Vitellium
1665 992 1750 1050 M.
1772 991 2013 1050 Cluvius
2042 987 2229 1047 Rufus

298 1070 654 1145 adsequitur,
673 1072 882 1130 omissa
902 1073 1182 1148 Hispania
1204 1094 1219 1143 3
1250 1072 1507 1131 laetitiam
1525 1079 1582 1130 et
1607 1072 2045 1145 gratulationem
2066 1070 2232 1128 vultu

295 1148 523 1217 ferenS,
552 1150 740 1205 animo
770 1152 969 1208 anxius
999 1159 1061 1210 et
1102 1152 1350 1225 petitum
1381 1170 1446 1208 se
1480 1151 1972 1209 criminationibus
1998 1166 2229 1223 gnarus·

301 1225 588 1295 Hilarius,
618 1226 869 1288 Caesaris
894 1232 1159 1298 libertus),
1188 1230 1501 1298 detulerat,
1531 1238 1547 1263 ‘
1571 1237 1880 1304 tamquam,
1907 1228 2100 1285 audito
2126 1227 2233 1286 vi-

301 1304 488 1362 ‘tellii
518 1314 579 1365 et
618 1306 867 1366 Othonis
913 1309 1269 1387 Principem,
1307 1308 1603 1387 propriam
1647 1308 1777 1384 ipse
1818 1306 2136 1384 potentiam
2172 1315 2234 1365 et

300 1392 317 1417 ‘
346 1388 794 1460 possessionem·
824 1388 1237 1466 Hispaniarum
1286 1396 1567 1448 tentasset
1593 1410 1606 1446 ε
1665 1406 1853 1464 eoque
1899 1386 2228 1463 diplomati·

298 1472 312 1496 ⁸
333 1464 438 1521 bus
467 1464 564 1544 (g)
605 1467 823 1525 nullum
846 1468 1180 1546 Principem
1203 1470 1708 1547 praescripsisset.’
1793 1466 2227 1543 Interpretaba-

300 1552 399 1602 tur
426 1545 685 1621 quaedam
720 1565 796 1605 ex
824 1550 1182 1608 orationibus
1200 1551 1350 1626 ejus,
1379 1549 1800 1608 contumeliosa
1818 1549 1879 1607 in
1906 1547 2228 1617 Vitellium,

297 1630 360 1681 et
395 1642 504 1699 pro
546 1645 610 1683 se
648 1626 777 1704 ipso
802 1630 1124 1705 popularia.
1210 1630 1539 1692 Auctoritas
1566 1629 1764 1688 Cluvii
1813 1627 2143 1707 praevaluit,
2172 1633 2234 1685 ut

299 1704 489 1779 puniri
522 1706 673 1764 ultro
700 1708 974 1768 libertum
1006 1729 1172 1769 suum
1219 1709 1489 1769 Vitellius
1506 1710 1770 1786 juberet.
1857 1708 2229 1790 Cluviusco-

297 1782 514 1842 mitatui
563 1784 851 1864 Principis
907 1790 1191 1866 adjectus,
1239 1809 1356 1848 non
1403 1790 1669 1856 adempta
1710 1789 2021 1854 Hispania,·
2050 1800 2233 1853 quam
2254 1811 2307 1819 “⁷⁴

296 1864 449 1922 rexit
476 1865 703 1936 absens,
734 1886 904 1928 exem
949 1871 1008 1930 10
1030 1870 1097 1922 L.
1118 1860 1410 1919 Arruntii:
1442 1878 1576 1918 eum
1613 1858 1895 1916 Tiberius
1923 1855 2129 1916 Caesar
2151 1855 2229 1912 ob

299 1949 536 2013 metum,
566 1944 840 2008 Vitellius
863 1888 1138 1999 Cluvium
1178 1942 1340 1999 nulla
1362 1938 1670 1999 formidine
1700 1937 2007 1998 retinebat.
2088 1934 2149 1997 N
2154 1952 2230 1996 on

293 2021 448 2075 idem
496 2017 807 2076 Trebellio
851 2019 1105 2078 Maximo
1132 2020 1330 2095 khonos
1353 2042 1366 2076 ι
1411 2016 1751 2094 profugerat
1787 2015 2108 2085 Britannia,
2152 2016 2227 2075 ob

293 2096 649 2156 iracundiam
675 2098 919 2154 militum
940 2119 976 2154 ε,
1001 2098 1205 2154 missus
1228 2104 1319 2155 est
1337 2098 1397 2154 in
1423 2098 1617 2154 locum
1643 2096 1769 2170 ejus
1794 2095 2026 2153 Vettius
2053 2095 2226 2173 Bola-

296 2195 405 2235 nus
434 2195 470 2232 e
498 2174 908 2249 praesentibus·

376 2252 596 2312 LXVI.
641 2253 909 2328 Angebat
946 2253 1249 2313 Vitellium
1278 2253 1564 2313 victarum
1603 2252 1893 2329 legionum
1939 2253 2226 2331 haudqua-

295 2329 709 2411 quam⁶fractus
740 2332 961 2393 animus
991 2358 1004 2393 ε
1036 2353 1256 2411 sparsae
1283 2353 1397 2411 per
1422 2332 1646 2392 Italiam
1676 2339 1736 2390 et
1761 2331 2076 2390 victoribus
2093 2352 2229 2410 per·

292 2399 516 2482 mixtae,
538 2412 770 2481 hostilia
795 2412 1220 2491 loquebantur:
1268 2415 1569 2492 praecipua
1597 2411 2228 2491 quartadecimanorum
2336 2448 2349 2459 ·

295 2492 537 2562 ferocia,
584 2492 680 2567 qui
725 2500 740 2526 ‘
765 2513 830 2552 se
871 2494 1079 2553 victos’
1137 2495 1502 2553 abnuebant:
1550 2494 1809 2571 ‘quippe
1850 2489 2228 2553 Bedriacensi

295 2580 312 2606 ‘
332 2573 478 2643 acie,
507 2572 828 2632 vexillariis
849 2581 1065 2632 tantum
1092 2574 1297 2650 pulsis,
1327 2575 1485 2633 vires
1513 2573 1754 2650 legionis
1788 2592 1904 2630 non
1932 2570 2227 2631 adfuisse.’

297 2650 534 2711 Remitti
559 2671 664 2711 eos
688 2652 747 2711 in
775 2652 1150 2724 Britanniam,
1178 2654 1329 2712 unde
1362 2674 1396 2710 a
1422 2653 1665 2713 Nerone
1695 2654 1871 2712 exciti
1893 2659 2078 2723 erant,
2101 2652 2226 2730 pla·

292 2730 446 2804 cuit3
493 2743 665 2808 atque
702 2733 938 2793 interim
982 2733 1337 2794 Batavorum
1377 2735 1653 2792 cohortes
1692 2753 1802 2791 una
1842 2732 2112 2804 tendere,
2148 2733 2227 2793 ob

297 2818 564 2875 veterem
605 2812 881 2872 adversus
924 2814 1456 2892 quartadecimanos
1493 2813 1859 2872 discordiam.
1944 2812 2076 2872 Nec
2104 2812 2226 2882 diu,

291 2889 352 2948 in
379 2891 547 2949 tantis
595 2900 941 2952 armatorum
983 2895 1155 2965 odiis,
1199 2896 1366 2971 quies
1413 2892 1539 2952 fuit.
1625 2895 1896 2968 Augustae
1940 2892 2226 2951 Taurino·

296 2988 445 3040 rum,
468 2969 561 3049 (h)
601 2971 739 3029 dum
785 2973 1057 3049 opificem
1101 2974 1389 3051 quendam
1437 2973 1685 3033 Batavus
1728 2980 1791 3029 ut
1833 2972 2227 3030 fraudatorum

360 3203 387 3236 e
418 3188 540 3237 Non
558 3190 775 3239 inmixta
796 3188 1034 3245 tristibus,
1054 3188 1227 3250 taking
1264 3202 1329 3235 no
1348 3190 1463 3248 part
1482 3185 1533 3233 in
1555 3202 1652 3249 any
1670 3184 1871 3236 wicked
1893 3186 2082 3252 design.

351 3254 398 3315 s
407 3253 512 3302 Nec
524 3256 642 3303 ullis
657 3260 840 3316 postea,
870 3261 955 3304 etc.
1025 3253 1125 3302 She
1145 3267 1252 3300 was
1264 3257 1353 3300 not
1372 3252 1538 3299 elated
1553 3254 1625 3315 by
1652 3253 1740 3300 the
1762 3252 1926 3301 smiles
1949 3253 2007 3302 of
2019 3255 2225 3304 fortune

296 3334 356 3367 or
374 3317 463 3364 the
483 3318 682 3379 flattery
704 3317 759 3366 of
787 3320 873 3366 the
904 3317 1133 3375 citizens3
1167 3319 1257 3367 she
1297 3332 1401 3365 was
1424 3317 1632 3366 affected
1670 3319 1787 3380 only
1818 3318 1889 3380 by
1909 3320 1996 3368 the
2029 3321 2223 3371 missor·

295 3390 443 3433 tunes
465 3382 523 3430 of
532 3383 625 3432 her
645 3382 835 3445 family.

355 3464 396 3511 g
429 3448 816 3511 Diplomatibus,
841 3463 923 3496 see
944 3464 982 3498 s.
999 3449 1123 3499 54th
1143 3449 1203 3498 os
1214 3449 1314 3498 this
1334 3448 1484 3496 book.

359 3513 396 3562 h
428 3513 670 3576 Augustae
694 3513 1048 3564 Taurinorum.
1117 3515 1230 3563 The
1265 3513 1479 3563 Taurini
1495 3529 1632 3563 were
1654 3531 1686 3564 a
1706 3515 1886 3580 peeple
1909 3516 2148 3577 dwelling
2169 3520 2222 3561 at

296 3579 384 3626 the
404 3577 509 3630 soot
523 3578 581 3626 of
588 3579 673 3626 the
691 3578 828 3641 Alps,
898 3578 1058 3629 Their
1072 3580 1257 3643 capital
1293 3595 1397 3628 was
1413 3581 1576 3629 called
1593 3581 1722 3629 after
1754 3583 2011 3644 Augustus
2033 3579 2202 3627 caesar

298 3643 541 3705 Augusta»
582 3642 938 3703 Taurinorum,
964 3646 1081 3692 who
1122 3645 1329 3707 planted
1369 3661 1402 3692 a
1435 3647 1614 3709 colony
1634 3647 1794 3694 there.
1864 3644 1979 3692 The
2009 3639 2218 3688 modern

297 3721 451 3767 ,name
472 3709 514 3758 is
530 3708 713 3767 Tutin,
724 3710 811 3758 the
828 3709 1015 3773 capital
1031 3709 1089 3761 of
1102 3705 1379 3763 Piedmont.
