2459 4075
9 0 39 270 I
256 187 333 229 «11.
361 194 418 231 c.
450 128 550 236 ἦ).
754 169 1083 237 HisToR.
1128 178 1282 237 LIB.
1327 172 1729 251 QUARTUS.
1901 145 1910 154 κ
2063 149 2193 244 *201

281 319 668 386 Cunctantem
693 325 857 386 varia
893 324 1188 402 pernicies
1235 324 1544 402 morbique
1567 332 1632 383 et
1653 324 1959 400 manifesta
1993 330 2200 395 coeles-

194 425 200 431 ·
281 400 423 461 tium
462 405 549 466 ira
573 406 922 484 graviorque
962 407 1025 464 in'
1048 405 1174 464 dies
1200 402 1486 481 fatigabat.
1547 406 1867 466 ‹Advocata
1892 410 2196 482 concione,

280 481 478 559 ‘jussa
519 485 808 557 Numinis,
836 505 969 545 suos
999 486 1424 562 Ptolemaeique
1464 485 1644 555 visus,
1672 485 1997 563 ingruentia
2035 491 2202 551 mala’

271 565 539 639 exponit.
665 567 886 642 Vulgus
933 566 1234 625 adversari
1287 565 1533 641 Regem,
1595 566 1867 626 invidere
1920 569 2200 648 AEgypto,

273 642 386 701 sibi
413 653 681 705 metuere
708 647 1108 724 templumque
1133 646 1574 704 circumsidere.
1660 645 1854 725 Major
1879 647 2015 708 hinc
2056 649 2207 712 sama

276 725 528 798 tradidit,
575 735 595 760 6
627 726 820 785 Deum
845 723 1059 803 ipsum
1105 726 1371 802 adpulsas
1411 724 1568 784 litori
1610 727 1772 786 navis
1807 736 2017 806 sponte
2065 751 2202 792 con·

277 806 620 865 scendisse.’
723 806 941 866 Mirum
982 806 1117 864 inde
1160 806 1344 875 dictu,
1380 807 1560 865 tertio
1603 807 1721 878 die,
1769 816 1985 868 tantum
2031 813 2206 874 maris

281 888 524 957 emensi,
573 887 980 945 Alexandriam
1023 884 1416 962 adpeliuntur.
1527 885 1844 966 Templum
1891 909 2002 966 pro
2050 911 2203 971 mag.

281 964 536 1042 nitudijne
581 967 757 1028 urbis-
785 973 1140 1025 exstructum
1167 964 1326 1035 loco,
1353 967 1446 1024 cui
1469 969 1688 1025 nom
1715 968 1991 1028 Rhacotis
2015 993 2031 1044 3
2067 970 2201 1033 'fue-

277 1048 381 1104 rat
393 1047 514 1106 illic
542 1048 841 1117 sacellum,
886 1045 1159 1123 Serapidi
1179 1051 1350 1122 atque
1378 1045 1517 1103 Isidi
1563 1046 1871 1123 antiquitus
1895 1060 2201 1113 sacratum.

281 1123 432 1202 Haec
479 1126 560 1185 de
601 1126 823 1201 origine
867 1135 928 1184 et
970 1126 1215 1184 advectu
1266 1124 1381 1183 Dei
1427 1127 1872 1186 celeberrima·
1920 1128 2050 1189 Nec
2077 1153 2203 1195 sum

279 1201 529 1276 ignarus,
556 1225 689 1276 esse
707 1206 1006 1282 quosdam,
1035 1205 1132 1283 qui
1155 1213 1171 1239 6
1204 1205 1494 1274 Seleucia,
1523 1206 1674 1262 urbe
1702 1206 1912 1283 Syriae,
1936 1213 2202 1285 accitum,

274 1287 294 1317 ‘
328 1294 605 1359 regnante
648 1285 990 1355 PtolemaeO,
1020 1304 1193 1363 quem
1217 1284 1388 1365 tertia
1418 1294 1556 1344 aetas
1600 1285 1783 1343 tulit?
1828 1287 1922 1345 alii
1954 1296 1969 1321 ‘
2002 1301 2196 1351 aucto·

233 1376 245 1388 ’
279 1369 294 1394 6
326 1381 455 1421 rem
523 1366 771 1423 eundem
823 1366 1225 1435 Ptolemaeum‚
1300 1363 1521 1435 sedem,
1590 1384 1666 1423 ex
1715 1385 1830 1442 qua
1876 1369 2192 1443 transierit,

10 1449 13 1574 ι
274 1448 317 1522 67
353 1444 698 1521 Memphim’
777 1444 883 1524 (w)
950 1445 1288 1520 perhibent,
1357 1445 1630 1522 inclytam
1680 1447 1819 1503 olim
1872 1454 1933 1505 et
1979 1453 2200 1511 veteris

10 1579 11 1588 ,
276 1522 518 1601 AEgypti
545 1526 834 1583 columen.
924 1524 1115 1584 Deum
1137 1525 1326 1601 ipsum
1354 1525 1519 1583 multi
1549 1535 1565 1559 6
1599 1525 2018 1603 AEsculapium‚
2048 1532 2223 1607 'quod'

277 1611 292 1636 ‘
325 1605 629 1662 medeatur
655 1604 826 1679 aegris
843 1604 1189 1680 corporibus
1214 1603 1255 1662 :’
1299 1603 1524 1680 quidam
1573 1613 1589 1639 6
1621 1604 1841 1676 Osirin,
1871 1608 2195 1686 antiquissi-

279 1690 295 1716 ‘
324 1678 476 1742 mum
504 1685 617 1744 illis
657 1684 915 1758 gentibus
964 1683 1191 1742 Numen
1216 1683 1257 1743 :’
1300 1684 1572 1760 plerique
1603 1692 1619 1718 ‘
1643 1684 1879 1755 Jovem,
1909 1696 1970 1746 ut
1999 1709 2197 1751 rerum

10 1691 13 1886 Ι
277 1768 295 1795 6
328 1764 580 1823 omnium
621 1770 920 1842 potentem
945 1764 986 1834 ς’
1027 1764 1267 1840 plurimi
1292 1771 1307 1797 ‘
1341 1764 1536 1826 Ditem
1565 1773 1813 1841 patrem,
1863 1768 2200 1844 insignibus,

278 1851 294 1878 ‘
326 1863 452 1921 quae
492 1845 550 1902 in
579 1845 707 1921 ipso
738 1841 1080 1909 manifesta,’
1119 1852 1216 1902 aut
1243 1862 1356 1921 per
1394 1846 1660 1920 ambages
1688 1847 2036 1923 conjectant.
2081 1846 2089 1854 '

352 1923 656 1983 LXXXV.
702 1924 776 1981 At
803 1923 1164 1982 Domitianus
1194 1922 1650 1999 Mucianusque,
1680 1933 1983 2003 antequam
2036 1930 2199 2009 Alpi-

274 2004 382 2063 bus
411 2006 893 2083 propinquarent,
924 2022 1245 2080 prosperos
1273 2022 1469 2062 rerum
1507 2004 1566 2063 in
1597 2005 1888 2065 Treveris
1907 2017 2197 2083 gestarum

274 2087 503 2144 nuntios
532 2102 843 2159 accepere.
930 2082 1240 2160 Praecipua
1274 2083 1536 2142 victoriae
1581 2085 1725 2144 fides
1770 2084 1901 2145 Dux
1949 2088 2200 2151 hostium

274 2164 642 2233 ValentinuS,
694 2161 792 2242 (x)
841 2181 1204 2238 nequaquam
1254 2162 1482 2237 abjecto
1511 2164 1721 2236 anim0,
1766 2185 1909 2242 quos
1959 2171 2196 2246 spiritus
2253 2180 2264 2191 ’

156 2278 167 2284 -
269 2245 551 2320 gessissit,
580 2244 745 2302 vultu
774 2241 1019 2300 ferebat.
1104 2241 1348 2300 Auditus
1390 2242 1524 2300 ideo
1551 2248 1785 2316 tantum,
1831 2253 1895 2305 ut
1920 2267 2196 2310 noscere-

270 2330 366 2382 tur
393 2326 685 2400 ingenium
714 2323 863 2400 ejus,
894 2324 1343 2403 damnatusque,
1386 2322 1535 2381 inter
1588 2324 1777 2400 ipsum
1825 2330 2230 2405 supplicium,

273 2405 655 2482 exprobranti
697 2403 919 2461 cuidam
951 2410 967 2436 ‘
998 2404 1240 2479 patriam
1268 2400 1396 2477 ejus
1424 2409 1669 2479 captam,
1698 2404 1970 2483 accipere
2012 2429 2076 2468 se
2104 2430 2196 2469 so-

268 2485 512 2543 ‘latium
554 2483 800 2554 mortis,’
832 2482 1152 2559 respondit.
1236 2482 1352 2538 Sed
1399 2481 1721 2552 Mucianus,
1765 2488 1920 2562 quod
1968 2489 2064 2548 diu
2095 2510 2194 2549 oc-

267 2567 610 2634 cultaverat,
658 2578 720 2623 ut
773 2580 982 2621 recens
1025 2562 1430 2638 exprompsit:
1477 2570 1494 2596 ‘
1526 2564 1793 2639 quoniam
1842 2566 2195 2644 benignitate

252 2647 272 2679 ‘
304 2645 495 2718 Deum
522 2642 720 2703 fractae
764 2642 922 2714 vires
970 2643 1221 2700 hostium
1250 2640 1464 2712 forent,
1492 2663 1698 2719 parum
1727 2645 1947 2706 decore
1978 2649 2070 2708 Do
2090 2651 2196 2710 mi-

269 2733 285 2759 ‘
317 2726 552 2795 flauum,
580 2722 849 2783 confecto
875 2741 1066 2800 prope
1103 2723 1285 2792 bello,
1334 2722 1540 2782 alienae
1579 2725 1779 2799 gloriae
1827 2727 2194 2794 interventu-

149 2871 161 2883 ,
272 2813 288 2839 ‘
319 2825 469 2864 rum.
555 2805 613 2861 Si
643 2811 821 2862 status
852 2803 1091 2881 Imperii
1120 2810 1213 2861 aut
1241 2803 1393 2860 salus
1421 2803 1739 2864 Galliarum
1759 2806 1815 2865 in
1858 2808 2193 2876 discrimine

272 2893 288 2920 ‘
321 2892 677 2948 verteretur,
704 2884 974 2942 debuisse
998 2881 1310 2943 Caesarem
1353 2884 1411 2941 in
1433 2882 1558 2955 acie
1582 2894 1735 2945 stare
1759 2908 1774 2945 ε
1822 2887 2194 2956 Caninefates

266 2968 286 3002 ‘
318 2965 685 3041 Batavosque
731 2962 1061 3021 minoribus
1101 2962 1363 3020 Ducibus
1410 2962 1778 3038 delegandos.
1866 2968 1999 3044 Ipse
2041 2971 2193 3049 Lug-

180 3070 213 3080 -
269 3053 285 3079 ‘
316 3046 450 3103 duni
483 3044 598 3103 vim
628 3043 1031 3117 fortunamque
1080 3041 1446 3118 Principatus
1488 3043 1819 3118 e-proximo
1853 3054 2192 3128 ostentaret,

269 3133 285 3159 ‘
318 3145 429 3183 nec
476 3124 674 3201 parvis
723 3120 1005 3200 periculis
1053 3116 1352 3191 inmixtuS,
1396 3127 1457 3179 et
1500 3122 1812 3198 majoribus
1858 3145 1975 3184 non
2021 3128 2190 3194 defu-

144 3254 153 3261 ,
266 3213 281 3238 6
316 3205 525 3263 turns?
694 3224 699 3227 *

345 3283 680 3342 LXXXVI.
727 3274 1206 3357 Intelligebantur
1253 3272 1451 3337 arte'sz
1496 3280 1602 3338 sed
1646 3302 1782 3360 pars
1818 3287 2081 3365 obsequii
2130 3293 2192 3354 in

263 3383 362 3440 eo,
408 3384 484 3422 ne
511 3362 1138 3439 deprehenderentur:
1184 3360 1262 3417 ita
1298 3359 1633 3434 Lugdunum
1675 3372 1929 3427 ventum.
2019 3369 2188 3437 Unde

252 3434 522 3502 creditur
551 3442 910 3535 Domitianus
940 3441 1181 3501 occultis
1211 3439 1282 3513 ad
1308 3438 1602 3501 Cerialem
1629 3445 1843 3506 nuntiis
1864 3447 2035 3508 fidem
2058 3453 2184 3530 ejus
2209 3468 2216 3473 ’

323 3617 368 3652 w
406 3601 671 3664 Memphis,
690 3600 837 3664 ncity
858 3602 917 3650 of
924 3601 1110 3666 Egypt,
1130 3594 1325 3653 samou's
1347 3601 1505 3652 forits
1525 3604 1789 3669 pyrnmids.

327 3683 368 3717 x
407 3669 505 3718 See
525 3667 624 3716 this
644 3666 854 3731 boola-s.
877 3668 974 3717 71.·
1199 3735 1272 3791 ¹9
