2459 4075
280 114 348 180 ’.ξι
380 140 439 180 e.
470 121 567 179 68.
804 110 1133 174 HISTOR.
1176 109 1332 173 LIB.
1376 106 1700 173 PRIMUS.
2135 118 2218 176 43

299 283 576 324 successu
599 270 658 321 et
680 261 904 339 praedae
944 260 1119 336 magis
1148 278 1324 338 quam
1348 278 1559 338 pugnae
1585 258 1827 318 intenta.
1911 257 2093 335 Igitur
2116 280 2218 322 va-

302 363 406 421 gos
434 351 505 403 et
538 343 861 402 incuriosos
908 341 1080 399 tertia
1124 342 1302 417 legio,
1349 339 1630 416 adjunctis
1677 337 1927 409 auxiliis,
1976 348 2221 416 repente

302 425 542 484 invasit:
589 423 743 499 apud
770 421 1060 479 Romanos
1099 422 1290 479 omnia
1317 420 1529 497 proelio
1567 427 1734 496 apta:
1781 419 2080 489 Sarmatae,
2106 420 2221 479 dis-

302 503 462 583 persi
513 502 786 578 cupidine
834 501 1075 578 praedae‚
1124 509 1224 558 aut
1268 518 1477 576 graves
1519 518 1701 557 onere
1741 499 2119 569 sarcinarum,
2167 505 2229 558 et

302 583 558 650 ludibrio
581 582 851 640 itinerum
878 582 1142 657 adempta
1161 599 1444 657 equorum
1473 579 1840 657 pernicitate,
1867 580 2031 638 velut
2054 578 2232 650 tincti

274 664 699 724 ’caedebantur.
781 660 1051 736 Namque
1078 660 1286 722 mirum
1311 661 1491 730 dictu,
1531 667 1595 716 ut
1620 660 1695 718 sit
1720 660 1903 718 omnis
1948 659 2228 718 Sarmata·

308 762 437 802 rum
462 742 652 801 virtus
678 740 842 799 velut
886 748 1055 798 extra
1098 740 1289 816 ipsos:
1332 741 1475 799 nihil
1518 741 1588 797 ad
1616 740 1951 817 pedestrem
1978 755 2234 816 pugnam

304 829 420 882 tam
444 823 715 897 ignavum
734 842 752 878 z
795 819 896 877 ubi
921 838 1035 896 per
1054 828 1278 878 turmas
1307 822 1623 890 advenere,
1649 820 1749 879 vix
1786 821 1906 880 ulla
1949 820 2103 878 acies
2127 820 2231 877 ob-

306 903 543 963 stiterit.
625 899 747 958 Sed
772 907 892 957 tum
932 899 1169 959 humido
1204 898 1303 957 die
1331 908 1392 957 et
1416 901 1604 958 soluto
1631 900 1764 974 gelu
1812 918 2005 975 neque
2052 899 2231 971 conti,

299 993 499 1060 neque
527 979 727 1055 gladii,
755 993 899 1055 quos
925 982 1260 1056 praelongos
1304 985 1553 1055 utraque
1601 997 1771 1036 manu
1800 987 2030 1053 regunt,
2075 980 2234 1051 usui,

306 1061 668 1139 lapsantibus
695 1057 863 1131 equis
884 1067 946 1114 et
968 1058 1465 1133 cataphractarum
1491 1056 1774 1132 pondere.
1855 1058 1923 1113 Id
1951 1058 2235 1135 Principi-

306 1142 426 1197 bus
455 1144 517 1195 et
541 1133 900 1192 nobilissimo
934 1136 1147 1211 cuique
1184 1142 1442 1209 tegmen,
1482 1134 1694 1191 ferreis
1712 1132 2060 1196 laminis'aut
2083 1157 2237 1213 prae-

234 1257 269 1282 ,ἢ
309 1217 470 1275 duro
510 1212 676 1273 corio
703 1220 1075 1274 consertum:
1122 1220 1186 1278 ut
1210 1215 1493 1273 adversus
1515 1213 1665 1271 ictus
1693 1215 2139 1291 inpenetrabile,
2166 1216 2246 1276 ita

308 1298 522 1373 inpetu
549 1293 805 1352 hostium
832 1294 1155 1368 provolutis
1181 1294 1442 1353 inhabile
1470 1293 1539 1352 ad
1567 1295 1985 1368 resurgendum
2012 1317 2027 1352 ε
2069 1294 2243 1354 simul

307 1374 616 1435 altitudine
645 1380 707 1431 et
752 1373 990 1431 mollitia
1027 1374 1177 1432 nivis
1213 1374 1654 1433 hauriebantur.
1738 1373 2032 1433 Romanus
2076 1375 2248 1435 miles

307 1455 467 1515 facili
486 1453 672 1512 lorica
701 1450 793 1532 (q)
843 1462 901 1512 et
926 1454 1124 1512 missili
1151 1455 1277 1531 pilo
1305 1462 1400 1512 aut
1433 1453 1650 1513 lanceis
1678 1454 1988 1525 adsultanS,
2015 1456 2114 1513 ubi
2142 1474 2300 1550 re*

317 1540 616 1613 posceret,
644 1533 764 1591 levi
810 1534 995 1608 gladio
1023 1535 1309 1594 inermem
1335 1534 1646 1594 Sarmatam
1696 1534 1919 1614 (neque
1948 1536 2100 1593 enim
2142 1536 2244 1595 de-

319 1614 479 1673 fendi
505 1620 670 1672 scuto
716 1632 840 1671 mos
884 1616 1004 1693 est)
1028 1615 1290 1674 cominus
1338 1614 1630 1674 fodiebat:
1675 1616 1864 1674 donec
1903 1615 2096 1692 pauci,
2145 1618 2246 1694 qui

320 1695 534 1773 proelio
588 1691 1016 1771 superfuerant,
1070 1695 1379 1771 paludibus
1431 1697 1823 1754 abderentur:
1897 1695 1977 1752 ibi
2024 1696 2249 1755 saevitia

319 1774 531 1833 hiemis
582 1779 642 1831 et
688 1773 747 1832 vi
787 1774 1094 1832 vulnerum
1151 1774 1456 1850 absumpti.
1571 1774 1887 1852 Postquam
1931 1774 1990 1831 id
2039 1776 2244 1835 Romae

321 1863 708 1930 compertum,
757 1853 842 1910 M.
895 1854 1172 1930 Aponius>
1243 1854 1508 1912 Moesiam
1562 1855 1849 1924 obtinens,
1912 1855 2248 1932 triumphali

317 1940 523 2001 statua,
553 1933 792 1991 Fulvius
821 1934 1094 1993 Aurelius
1123 1941 1184 1991 et
1207 1933 1471 1991 Julianus
1501 1932 1694 1989 Titius
1722 1952 1787 1991 ac
1811 1933 2108 1992 Numisius
2130 1937 2246 1993 Lu·

319 2031 456 2094 pue,
503 2012 703 2089 Legati
747 2012 1061 2085 legionum,
1088 2012 1487 2070 consularibus
1537 2013 1884 2070 ornamentis
1925 2014 2248 2073 donantur:

321 2098 465 2155 laeto
492 2093 729 2151 Othone
770 2098 832 2147 et
864 2091 1107 2164 gloriam
1133 2090 1192 2146 in
1219 2108 1285 2147 se
1326 2090 1616 2158 trahente,
1660 2097 1989 2164 “tamquam
2025 2100 2085 2151 et
2124 2094 2251 2170 ipse
2295 2150 2306 2165 ,

327 2184 348 2211 ⁴
378 2173 526 2232 felix
550 2172 734 2240 bello,
763 2177 824 2226 et
849 2169 966 2227 suis
995 2168 1257 2225 Ducibus
1284 2167 1521 2243 suisque
1558 2169 1914 2226 exercitibus
1956 2170 2252 2250 Rempub-

323 2255 500 2314 licam
529 2249 826 2309 auxisset?

408 2331 652 2390 LXXX.
703 2331 889 2388 Parvo
925 2326 1163 2386 interim
1189 2327 1377 2398 initio,
1406 2331 1559 2389 unde
1586 2330 1729 2389 nihil
1758 2331 2091 2401 timebatur,
2134 2337 2260 2390 orta

330 2414 543 2474 seditio
570 2429 758 2489 prope
781 2409 913 2467 urbi
935 2408 1164 2466 excidio
1185 2408 1312 2467 fuit.
1398 2411 1710 2488 Septimum
1736 2411 2021 2470 decimam
2049 2413 2259 2471 cohor-

332 2501 477 2564 tem,
506 2513 541 2552 e
569 2490 797 2550 colonia
818 2488 1077 2547 Ostiensi
1105 2489 1164 2545 in
1190 2491 1399 2547 urbem
1442 2492 1617 2550 acciri
1651 2493 1809 2550 Otho
1820 2493 2081 2569 jusserat
2107 2516 2120 2550 :
2168 2513 2258 2552 ar·

335 2574 562 2634 mandae
598 2571 725 2648 ejus
746 2568 893 2629 cura
934 2568 1118 2629 Vario
1160 2567 1459 2646 Crispino,
1500 2571 1772 2631 Tribuno
1797 2592 1831 2631 e
1862 2573 2259 2648 PraetorianiS,

325 2655 476 2714 data.
532 2692 537 2697 ,
564 2653 641 2721 Is,
662 2669 777 2730 quo
799 2649 974 2724 magis
988 2667 1225 2718 vacuus»,
1245 2650 1456 2729 quietis
1473 2652 1695 2722 castris,
1708 2653 1873 2729 jussa
1899 2673 2256 2732 exsequere-

341 2741 460 2803 tur,
482 2732 756 2791 vehicula
779 2729 1058 2799 cohortis,
1086 2728 1403 2806 incipiente
1431 2740 1621 2806 nocte,
1660 2734 1913 2806 onerari,
1941 2743 2147 2812 aperto
2171 2757 2262 2795 ar-

344 2811 744 2881 mamentario,
787 2811 996 2886 jubet:
1067 2815 1291 2886 tempus
1348 2812 1404 2869 in
1458 2813 1888 2888 suspicionem3
1950 2833 2150 2873 caussa
2205 2816 2265 2874 in

344 2894 605 2964 crimem
649 2891 741 2969 (r)
765 2889 1074 2948 adfectatio
1102 2891 1312 2967 quietis
1339 2892 1397 2950 in
1423 2894 1727 2952 tumultum
1755 2895 1972 2953 evaluit
1998 2916 2011 2952 ε
2057 2902 2119 2952 et
2144 2896 2269 2954 visa

328 2973 503 3032 -inter
548 2971 894 3032 temulentos
940 2988 1097 3028 arma
1141 2971 1473 3048 cupidinem
1526 2973 1615 3030 sui
1672 2992 1937 3031 movere.
2046 2973 2272 3034 Fremit

349 3052 540 3123 miles,
591 3058 651 3110 et
692 3050 989 3108 Tribunos
1037 3049 1545 3128 Centurionesque
1596 3060 1611 3086 ‘
1655 3052 2017 3128 proditionis'
2063 3056 2270 3130 arguit,

347 3139 367 3167 ‘
396 3140 684 3211 tamquam
710 3130 941 3189 familias
972 3131 1314 3191 Senatorum
1340 3132 1407 3190 ad
1450 3132 1773 3210 perniciem
1812 3131 2057 3191 Othonis
2086 3153 2269 3192 arma·

343 3219 548 3271 rentur
569 3213 609 3271 :⁹
653 3230 789 3289 pars
813 3211 1001 3286 ignari
1038 3218 1100 3269 et
1136 3212 1288 3271 vino,
1321 3230 1566 3288 graves:
1610 3212 1897 3290 pessimus
1939 3213 2183 3292 quisque
2210 3214 2271 3273 in

210 3346 229 3356 ,
342 3291 713 3353 occasionem
762 3290 1130 3370 praedarum:
1189 3292 1417 3370 vulguS,
1464 3300 1529 3352 ut
1572 3312 1698 3352 mos
1738 3304 1829 3353 est
1870 3294 2269 3373 cujuscunque

412 3527 448 3577 q
487 3509 656 3562 Facili
687 3514 857 3564 lorica.
926 3510 1080 3576 Ligbt
1101 3510 1276 3560 breast
1296 3512 1457 3574 plate-

413 3594 442 3628 ν
465 3576 636 3630 Causa
657 3581 715 3630 in
730 3581 937 3629 crimen.
991 3577 1264 3642 Crispinus
1285 3579 1392 3627 told
1413 3578 1551 3628 them
1568 3577 1682 3628 that
1696 3576 1764 3626 he
1786 3575 1904 3625 took
1925 3575 2014 3623 out
2039 3569 2123 3621 the
2141 3572 2276 3614 arms

348 3642 416 3708 by
431 3643 586 3698 order
597 3644 657 3699 os
665 3646 752 3699 the
774 3644 1045 3710 Emperor,
1070 3649 1121 3696 to
1140 3657 1253 3695 arm
1275 3643 1363 3693 the
1383 3645 1580 3694 cohort-
