2459 4075
318 162 431 222 184
910 153 982 218 G.
1026 145 1278 222 CORN.
1324 155 1630 217 TAel'rl.
1837 180 1895 217 A.
1921 177 1981 218 υ.
2012 178 2067 218 c.
2094 164 2226 226 823.

304 304 411 364 dit.
500 305 650 364 Illuc
676 302 951 362 Claudius
971 304 1193 367 Labeo.
1213 319 1409 379 quem,
1433 310 1667 380 captum
1694 309 1757 361 et
1776 310 1958 364 extra·
1983 324 2236 367 conven-

282 390 421 445 *tum
442 384 525 464 (i)
551 384 908 444 amandatum
934 384 993 443 in
1018 384 1263 452 Frisios,
1285 384 1556 462 diximus,
1573 384 1878 463 conruptis
1898 387 2230 447 custodibus

302 463 600 604 ³³32?ssae
624 459 2136 604 54⁰¹¹32233223¹21.t{z{”⁰z⁵i{³;m.d⁶:3{}2{;.23‘ss⁰ffi
2172 467 2233 527 ³¹²

407 565 440 604 a
2075 565 2229 606 oma-

302 634 326 666 ‘v
353 644 484 685 nam
526 564 912 686 retraciurum
933 625 972 696 ζ’
1016 630 1258 700 accepta
1295 562 1554 700 {editum
1584 624 1959 702 equitumque
2005 626 2232 687 modica

300 725 501 774 manu,
533 705 678 763 nihil
707 704 862 780 apud
891 704 1134 762 Batavos
1163 721 1354 773 ausus,
1382 704 1661 781 quosdam
1708 705 2070 768 Nerviorum
2111 706 2225 766 Be-

303 788 695 861 tasiorumque
739 782 842 863 (j)
875 783 934 841 in
976 801 1134 841 arma
1184 783 1380 843 traxit.
1465 783 1542 841 Et
1585 779 1784 844 furtim
1823 788 2024 862 magis,
2065 805 2233 868 quam

296 867 480 936 bello,
502 862 874 924 Caninefates
890 862 1305 940 Marsacosque
1332 863 1679 924 incursabat.
1763 862 2012 937 Vocula,
2033 866 2229 926 Gallo·

302 966 434 1007 rum
453 944 658 1008 fraude
680 945 951 1012 inlectus,
979 943 1050 1004 ad
1077 943 1307 1004 bostem
1326 942 1642 1022 contendit.

348 1025 568 1084 »LVJL
610 1024 743 1084 Nec
789 1023 998 1101 procul
1042 1021 1360 1083 Veteribus
1399 1024 1623 1093 aberat,
1670 1039 1803 1082 cum
1832 1021 2121 1084 Classicus
2161 1045 2226 1085 ac

303 1106 514 1176 Tutor,
558 1124 670 1183 per
711 1103 974 1182 speciem
1010 1104 1351 1180 explorandi
1399 1104 1733 1180 praegressi,
1781 1122 1913 1164 cum
1968 1104 2225 1165 Ducibus

299 1186 727 1246 Germanorum
745 1191 913 1261 pacta
931 1183 1266 1266 firmavere.
1352 1183 1628 1261 Tumque
1653 1182 1908 1261 primum
1926 1183 2165 1246 discreti
2192 1205 2227 1244 a

297 1266 626 1344 legionibus
651 1265 897 1343 proprio
942 1264 1095 1322 vallo
1142 1271 1334 1326 castra
1372 1282 1476 1324 sua
1498 1263 1877 1334 circumdant,
1906 1265 2226 1326 obtestante

302 1347 554 1416 Vocula,
592 1354 611 1382 ⁴
634 1345 770 1404 Non
797 1346 944 1408 adeo
984 1345 1270 1406 turbatam
1299 1344 1584 1403 *civilibus
1629 1342 1804 1402 ‘armis
1851 1361 1979 1406 rem
2018 1343 2229 1405 Roma·

300 1435 323 1476 ⁶·
350 1447 503 1497 nam,
528 1455 533 1460 ·
554 1432 621 1485 ut
666 1424 956 1484 Treveris
1002 1423 1179 1482 etiam
1237 1423 1707 1500 Lingonibusque
1761 1423 2065 1501 despectui
2124 1424 2220 1484 sit.

300 1514 319 1542 ‘
349 1506 676 1582 Superesse
717 1503 859 1564 fidas
887 1502 1242 1581 provincias,
1292 1503 1547 1563 victores
1583 1504 1901 1574 exercitus),
1944 1503 2228 1565 fortunam

300 1594 318 1621 ‘
350 1585 615 1663 Imperii,
645 1591 706 1642 et
727 1583 947 1644 ultores
967 1582 1131 1642 deos.
1216 1582 1313 1642 Sic
1341 1584 1480 1643 olim
1501 1583 1872 1643 Sacrovirum
1898 1596 1961 1644 et
1978 1585 2222 1657 AEduos,

297 1674 317 1700 ⁶
344 1683 538 1742 nuper
591 1663 898 1724 Vindicem
928 1661 1030 1743 (k)
1042 1660 1728 1742 {Galliasquersingulis
1749 1665 1977 1742 proeliis
2028 1665 2224 1725 conci-

297 1754 315 1781 ‘
344 1745 520 1804 disse.
605 1742 828 1803 Eadem
855 1761 1055 1803 rursus
1102 1741 1377 1814 Numina,
1407 1743 1612 1806 eadem
1653 1742 1786 1815 fata,
1815 1753 2087 1823 ruptores
2114 1743 2220 1805 foe·

294 1833 314 1862 ‘
342 1826 551 1886 derum
577 1829 1007 1900 exspectarent.
1093 1822 1312 1883 Melius
1336 1825 1412 1900 D.
1445 1824 1482 1879 J
1488 1824 1606 1883 ulio
1646 1824 1918 1902 Divoque
1964 1827 2221 1904 Augusto

294 1913 508 1968 ‘notos
562 1923 768 1964 eorum
819 1905 1059 1964 animos.
1142 1904 1418 1976 Galbam,
1471 1911 1534 1964 et
1575 1903 1821 1964 infracta
1856 1905 2092 1975 tributa,
2134 1903 2213 1984 (l)

294 1994 325 2022 ⁴·
336 1984 579 2045 hostiles
598 1984 836 2067 spiritus
864 1983 1137 2044 induisse.
1221 1983 1396 2045 Nunc
1417 1984 1639 2056 hostes,
1679 1984 1813 2063 quia
1831 1986 2010 2047 molle
2031 1985 2217 2047 servi-

289 2074 309 2103 ‘
338 2067 520 2140 tium3
563 2084 696 2126 cum
731 2062 963 2144 spoliati
1003 2062 1282 2141 exutique
1303 2065 1542 2136 fuerint,
1577 2067 1792 2126 amicos
1819 2066 1989 2127 fore.’
2071 2065 2219 2127 Haec

266 2147 573 2208 ferociter
597 2149 845 2218 locutus,
873 2153 1175 2227 postquam
1214 2153 1486 2223 perstare
1524 2146 1583 2205 in
1606 2146 1855 2224 perfidia
1891 2145 2218 2205 Classicum

290 2227 695 2306 Tutoremque
728 2226 949 2298 -νὶᾶσεῑ,ι
998 2243 1176 2287 verso
1238 2227 1473 2296 itinere,
1534 2225 1859 2286 Novesium
1923 2227 2211 2286 concedit.

289 2308 448 2366 Galli
498 2307 674 2366 duum
722 2307 964 2365 millium
989 2308 1175 2384 spatio
1226 2306 1567 2365 distantibus
1609 2307 1827 2384 campis
1871 2308 2217 2367 consedere.

290 2388 437 2447 Illuc
492 2388 936 2448 commeantium
986 2386 1414 2447 Centurionum
1457 2386 1826 2465 militumque
1871 2388 2221 2455 emebantur

288 2468 498 2527 animi:
544 2475 606 2526 ut
625 2463 928 2543 (flagitium
965 2463 1346 2546 incognitum)
1378 2465 1669 2526 Romanus
1701 2468 1997 2539 exercitus
2033 2467 2091 2525 in
2114 2486 2217 2526 ex-

283 2556 447 2607 terna
466 2548 653 2606 verba
681 2544 973 2622 jurarent,
1001 2545 1326 2622 pignusque
1346 2548 1484 2606 tanti
1512 2547 1757 2608 sceleris
1776 2566 1928 2606 nece
1964 2554 2065 2607 aut
2087 2549 2211 2607 vin-

282 2629 429 2686 culis
452 2627 799 2705 Legatorum
821 2624 1077 2683 daretur.
1163 2624 1409 2696 Vocula,
1446 2644 1788 2703 quamquam
1816 2624 2088 2706 plerique
2114 2625 2205 2686 fu-

276 2725 405 2781 gam
432 2704 767 2774 suadebant,
796 2703 1116 2763 audendum
1142 2711 1322 2776 ratus,
1365 2712 1570 2766 vocata
1605 2710 1928 2778 concione,
1958 2706 2020 2765 in
2046 2707 2202 2767 hunc

281 2784 515 2844 modum
551 2783 843 2843 disseruit.
1425 2835 1434 2841 .

308 2936 311 2945 Ι
363 2862 580 2922 LVIII.
623 2870 641 2898 ‘
673 2861 1005 2941 Numquam
1046 2865 1198 2941 apud
1243 2886 1347 2927 vos
1392 2866 1575 2926 verba
1614 2864 1754 2938 feci,
1780 2874 1878 2927 aut
1901 2885 2014 2944 pro
2040 2868 2207 2927 vobis

280 2953 299 2978 ⁸
323 2943 650 3016 sollicitior,
677 2951 779 3003 aut
795 2964 907 3022 pro
930 2964 1025 3004 me
1053 2948 1341 3007 securior.
1426 2946 1577 3004 Nam
1598 2947 1739 3005 mihi
1767 2948 2008 3007 exitium
2035 2968 2208 3025 para-

279 3034 303 3058 ‘
326 3029 401 3099 ri,
428 3027 618 3086 libens
668 3024 884 3087 audio:
929 3032 1296 3106 mortemque
1337 3028 1398 3086 in
1446 3033 1533 3087 tot
1571 3027 1736 3087 malis
1771 3028 2095 3100 honestam,
2142 3033 2209 3087 ut

341 3243 365 3290 i
398 3240 565 3294 Extra
577 3252 877 3295 conventum.
945 3243 1053 3293 Out
1069 3245 1129 3295 os
1138 3246 1226 3296 the
1244 3250 1456 3308 country
1472 3245 1533 3294 os
1535 3245 1680 3294 those
1694 3247 1811 3295 who
1827 3260 1964 3295 were
1979 3245 2202 3311 lengued

266 3305 327 3357 in
343 3321 473 3353 arms
495 3308 687 3372 against
706 3310 794 3358 the
818 3310 1061 3361 Romans.

324 3374 359 3437 j
395 3370 606 3432 Halmii,
630 3375 933 3424 inhabitants
955 3376 1013 3424 os
1025 3377 1166 3426 what
1186 3375 1229 3424 is
1244 3388 1361 3424 now
1381 3376 1546 3425 called
1566 3375 1818 3428 Brabant.

336 3438 371 3486 k
400 3434 501 3487 For
522 3441 767 3499 Sacrovir,
786 3452 869 3490 see
892 3443 1095 3500 Annals,
1125 3441 1199 3491 iii.
1221 3457 1261 3491 s.
1291 3444 1376 3493 48.
1443 3443 1547 3491 For
1571 3442 1787 3505 madeat,
1805 3443 1904 3491 and
1919 3444 2009 3492 the
2029 3444 2199 3493 revolt

271 3502 331 3552 of
342 3502 483 3552 Gaul
504 3505 666 3553 under
684 3504 763 3554 his
783 3505 1015 3563 conduct,
1036 3520 1120 3555 see
1140 3508 1279 3556 Mur.
1305 3508 1429 3557 Tac.
1453 3511 1584 3572 App.
1608 3515 1661 3558 to
1682 3508 1812 3558 Anu.
1838 3508 1947 3558 ivi.
1963 3525 2003 3558 s.
2024 3513 2102 3560 12.

332 3571 352 3619 l
381 3570 608 3635 Instactu
628 3572 832 3621 tributa.
899 3570 1070 3619 Galba
1089 3572 1191 3621 had
1211 3572 1421 3634 granted
1455 3579 1511 3622 to
1546 3588 1684 3624 some
1719 3573 1862 3624 cities
1894 3590 1959 3624 an
1980 3589 2194 3638 exemp-

268 3633 376 3683 tion
395 3634 525 3687 from
544 3633 753 3696 tribute,
774 3651 829 3688 or
864 3636 1089 3689 lessened
1107 3639 1196 3689 the
1213 3644 1421 3690 amount
1440 3640 1499 3691 of
1510 3641 1652 3692 what
1670 3642 1797 3705 they
1814 3651 1955 3691 were
1982 3640 2193 3708 obliged

272 3704 327 3763 ⁸0
345 3715 464 3766 1³⁸5·

2391 0 2436 276 l

2342 739 2349 745 -
2433 459 2440 814 ῑ

2437 925 2442 1096 i

2437 1183 2446 1440 ἰ
