2459 4075
289 170 340 211 s.
372 171 429 215 c.
463 149 563 219 τοί
754 159 1104 224 insa-on.
1147 159 1301 222 Lm.
1348 125 1733 261 ammes,
2092 169 2206 225 ιιι

289 298 539 379 Regium
563 323 775 364 nomeu
801 305 1110 378 invaserat.
1196 309 1253 366 Is
1280 328 1315 367 u
1349 308 1666 381 Qninctilio
1691 308 1873 379 Varo,
1905 311 2208 377 obtinente

294 380 543 459 Syriam,
576 385 813 461 punitus
841 407 859 443 ε
898 392 963 444 et
991 395 1219 462 gentem
1256 390 1572 449 coercitam
1608 390 1779 450 liberi
1822 390 2079 449 Herodis
2103 391 2209 449 tri·
2319 389 2326 394 ⁴

288 463 504 537 partito
532 483 771 524 rexere.
825 467 942 524 Sub
963 467 1213 528 Tiberio
1233 468 1437 546 quies:
1472 468 1608 527 dein
1625 468 1772 547 jussi
1790 487 1824 530 a
1842 468 1916 528 C.
1943 457 2208 538 cassare,

294 546 313 573 ‘
342 542 593 619 effigiem
612 542 731 626 (a).
753 545 879 622 ejus
894 547 954 605 in
977 546 1201 628 templo
1216 549 1459 619 locare,'
1502 568 1660 609 arms
1682 551 1876 626 potins
1897 568 2166 608 sumsere
2190 572 2206 608 z

294 640 469 696 quem
494 630 714 682 motum
750 624 1005 684 Caesaris
1050 647 1206 686 mors
1248 625 1501 686 diremit.
1541 677 1546 682 .
1586 628 1882 698 Claudius,
1919 625 2216 690 defunctis

290 699 550 777 Regibus
571 709 665 762 aut
691 703 761 762 ad
776 705 1065 764 modicum
1082 706 1356 778 redactis,
1370 704 1407 761 J
1412 707 1634 767 udaeam
1654 708 2015 783 provinciam
2033 707 2212 785 Equi·-
2317 769 2322 776 ,

290 780 443 840 tibus
461 782 733 843 Romanis
749 789 848 842 aut
866 784 1095 845 libertis
1113 787 1410 863 permisit:
1441 806 1477 846 e
1495 787 1704 864 quibus
1719 787 2000 846 Antonius
2017 787 2216 858 Felix,

158 909 175 930 x
292 877 407 938 per
432 880 663 922 omnem
688 864 969 924 saevitiam
994 885 1062 924 ac
1083 865 1404 937 libidinem,
1422 866 1519 942 jus
1549 866 1795 942 Regium
1822 866 2027 926 servili
2052 867 2214 944 inge.

252 1011 259 1020 ἱ
290 940 389 998 nio
409 943 698 1015 exercuit,
722 942 1003 1016 Drusilla,
1025 945 1358 1021 Cleopatrae
1380 953 1441 1005 et
1459 946 1691 1008 Antonii
1717 954 1919 1023 nepte,
1936 946 1996 1004 in
2016 946 2216 1006 matri-

289 1020 547 1080 monium
575 1026 1220 1322 εοοερᾙυεάεω
1246 1025 1480 1084 Antonii
1505 1026 1674 1085 Felix
1695 1043 2013 1104 progener,
2039 1024 2211 1087 Clau-

291 1098 417 1159 dius
438 1120 622 1178 nepos
649 1110 826 1162 esset.
1317 1139 1320 1142 ·

349 1179 449 1237 ·X.
496 1181 748 1242 Duravit
941 1205 979 1243 n
1020 1185 1302 1262 patientia
1341 1183 1580 1244 Judoeis—
1603 1201 1787 1261 usque
1824 1184 1895 1243 ad
1939 1184 2214 1244 Gessium

294 1257 556 1330 Florum,
613 1262 871 1322 Procura
898 1282 1085 1322 orem.
1166 1264 1290 1324 Sub
1338 1282 1412 1323 eo
1462 1264 1680 1321 bellum
1734 1269 1962 1322 ortum:
1994 1264 2088 1343 (b)
2152 1270 2213 1322 et

293 1341 686 1417 comprimere
713 1361 805 1401 coe
849 1350 1067 1403 tantem
1094 1341 1360 1402 Cestium
1402 1342 1655 1414 Gallum,
1684 1340 1773 1421 (c)
1813 1343 2000 1425 Syriae
2030 1345 2213 1419 Lega-

293 1424 436 1489 tum,
469 1421 629 1479 varia
669 1440 801 1497 proe
826 1425 878 1480 ia
921 1442 987 1483 ac
1030 1423 1246 1499 saepius
1274 1422 1519 1482 adversa
1554 1440 1875 1498 excepere.
1961 1423 2076 1493 Qui
2112 1422 2213 1482 ubi

294 1496 429 1569 fato,
460 1507 558 1558 aut
600 1501 778 1561 taedio
814 1502 1049 1573 occidit,
1075 1502 1254 1560 missu
1280 1500 1537 1560 Neronis
1565 1500 1960 1577 Vespasianus
1986 1501 2218 1561 fortuna

294 1575 556 1655 famaque
575 1590 636 1639 et
655 1582 907 1658 egregiis
926 1581 1222 1651 ministris,
1242 1581 1395 1640 intra
1406 1580 1549 1640 duas
1567 1587 1818 1652 aestates,
1837 1589 2043 1641 cvncta
2058 1599 2213 1641 cam-

292 1676 500 1734 porum
537 1678 878 1738 omnesque,
905 1669 1129 1741 praeter
1159 1660 1594 1739 Hierosolyma,
1626 1662 1830 1731 urbes,
1857 1662 2083 1720 victore
2110 1679 2214 1719 ex·
2237 1654 2247 1672 ⁸

297 1737 484 1796 ercitu
530 1741 784 1799 tenebat.
815 1740 915 1821 (d)
999 1741 1305 1799 Proximus
1334 1759 1515 1803 annus
1554 1740 1713 1799 civili
1751 1741 1911 1799 bello
1941 1740 2214 1811 intentus,

295 1825 567 1893 qnantum
606 1819 676 1878 ad
715 1818 976 1891 Judaeos,
1004 1838 1118 1897 per
1142 1820 1323 1880 otium
1348 1819 1590 1880 transiit.
1678 1819 1831 1879 Pace
1859 1838 1970 1896 per
1997 1820 2218 1882 ltaliam

198 1905 217 1922 ‘
294 1904 485 1973 parta,
512 1905 577 1957 et
608 1905 870 1958 externae
908 1918 1072 1959 curse
1098 1899 1358 1958 rediere.
1446 1899 1706 1975 Augebat
1741 1899 1878 1975 iras,
1913 1901 2068 1977 quod
2106 1900 2216 1959 soli

295 1974 333 2029 J
337 1975 487 2051 udaei
505 1996 619 2037 non
640 1975 969 2039 cessissent.
1053 1977 1234 2039 Simul
1254 1997 1491 2039 munere
1508 1977 1660 2056 apud
1681 1979 1977 2039 exercitus
1996 1980 2219 2050 Titum,

298 2055 367 2114 ad
390 2074 590 2116 omnes
609 2057 974 2135 Principatus
994 2058 1131 2118 novi
1153 2064 1396 2118 eventus
1416 2077 1659 2117 casusve
1676 2059 1872 2117 utilius
1888 2059 2218 2120 videbatur.
2329 2080 2336 2085 ¹

297 2134 480 2212 Igitur
524 2139 750 2208 castris,
798 2138 878 2198 uti
923 2137 1194 2208 diximus,
1236 2145 1368 2196 ante
1413 2136 1627 2196 moenia
1672 2135 2221 2216 Hierosolymorum

297 2215 524 2292 positis,
551 2216 857 2279 instructas
883 2218 1141 2294 legiones
1170 2218 1499 2276 ostentavit.

380 2295 487 2353 Xl.
530 2294 567 2351 J
570 2296 720 2356 udaei
746 2298 854 2356 sub
874 2298 1034 2376 ipsos
1053 2315 1249 2355 muros
1269 2303 1543 2358 struxere
1567 2294 1778 2368 aciem,
1807 2298 1986 2357 rebus
2011 2317 2216 2359 secun·

298 2374 388 2434 dis
415 2376 638 2452 longius
660 2377 882 2449 ausuri,
904 2384 986 2450 et,
1006 2375 1056 2436 si
1083 2377 1474 2454 pellerentur,
1491 2382 1693 2453 parato
1718 2375 2008 2454 perfugio.
2077 2377 2220 2439 Mis-

299 2473 398 2514 sus
418 2455 479 2515 in
505 2476 609 2516 eos
631 2476 815 2535 eques
841 2475 973 2517 cum
1002 2456 1291 2534 expeditis
1312 2456 1649 2519 cohortibus
1671 2457 1935 2532 ambigue
1951 2458 2218 2533 certavit.

299 2534 444 2595 Mox
458 2555 698 2596 cessere
715 2538 936 2607 hostes,
955 2545 1016 2597 et
1040 2537 1414 2614 sequentibus
1440 2537 1646 2593 diebus
1667 2537 1878 2597 crebra
1900 2556 2010 2614 pro
2036 2538 2223 2615 portis

246 2648 251 2649 ν
298 2617 511 2692 proelia
534 2619 844 2679 serebant:
891 2617 1079 2678 donec
1104 2616 1354 2675 adsiduis
1382 2616 1599 2675 damnis
1619 2616 1770 2675 intra
1793 2617 2005 2675 moenia
2030 2617 2218 2695 pelle-

296 2703 524 2755 rentur.
606 2696 850 2756 Romani
877 2699 949 2757 ad
985 2696 1428 2775 oppugnandum
1453 2694 1613 2754 versi
1641 2718 1656 2753 ε
1701 2715 1896 2773 neque
1921 2697 2077 2756 enim
2102 2695 2222 2772 dig-

299 2793 437 2833 num
485 2776 808 2846 videbatur,
859 2777 1066 2837 famem
1120 2777 1375 2850 hostium
1421 2774 1686 2853 opperiri
1710 2797 1724 2834 ε
1783 2778 2223 2853 poscebantque

342 2854 586 2922 ericula,
604 2874 739 2929 pars
761 2857 1000 2931 virtute,
1019 2856 1183 2914 multi
1201 2855 1424 2914 ferocia
1444 2863 1507 2914 et
1531 2854 1805 2932 cupidine
1825 2856 2221 2932 praemiorum.

298 2874 424 3008 {psi
454 2931 595 2988 Tito
630 2932 817 2990 Roma
843 2941 904 2991 et
941 2953 1085 3010 opes
1124 2936 1568 3011 voluptatesque
1596 2941 1730 2993 ante
1759 2936 1998 2994 oculos:
2044 2953 2136 3005 ac,
2162 2936 2225 2996 ni

300 3011 491 3070 statim
530 3008 943 3088 Hierosolyma
982 3011 1382 3083 conciderent,
1412 3013 1625 3070 morari
1654 3011 2021 3071 videbantur.
2107 3013 2225 3096 Sed

476 3099 505 3123 a
1447 3122 1455 3131 ,

369 3170 403 3205 a
434 3152 673 3218 Caligula
686 3152 788 3202 had
803 3153 890 3202 the
919 3153 1095 3205 stuntic
1111 3153 1352 3204 ambition
1369 3158 1421 3202 to
1439 3153 1575 3203 have
1588 3151 1665 3203 bis
1684 3158 1852 3202 statue
1871 3153 2048 3217 placed
2062 3154 2115 3206 in
2135 3159 2224 3209 the

305 3221 492 3283 temple
519 3225 573 3268 at
607 3219 640 3269 J
642 3220 919 3278 erusalem3
951 3220 1048 3268 but
1067 3219 1154 3269 the
1175 3219 1314 3269 Jews
1347 3219 1450 3268 bad
1481 3232 1713 3273 reoourse
1734 3224 1787 3267 to
1819 3234 1981 3270 arms:
2014 3224 2223 3274 another

303 3287 457 3351 proof
466 3288 524 3337 os
532 3283 665 3335 their
679 3286 950 3336 resolution
960 3290 1051 3334 not
1062 3290 1115 3335 to
1134 3285 1287 3334 suffer
1305 3285 1394 3334 the
1405 3284 1700 3334 ›tabernecle
1722 3288 1775 3335 to
1794 3284 1860 3334 be
1881 3287 2122 3350 presented
2151 3291 2224 3354 by

301 3353 489 3419 mages‘
505 3352 668 3415 osuny
686 3352 828 3402 kind.

320 3450 327 3455 -
370 3422 402 3470 b
436 3421 550 3470 The
571 3419 764 3469 Jewish
791 3433 918 3477 war,
937 3416 1226 3468 occasioned
1246 3418 1318 3481 by
1336 3417 1425 3466 the
1445 3415 1754 3475 misconduct
1768 3416 1826 3467 os
1837 3417 2037 3480 Florus,
2056 3420 2220 3487 began

308 3487 376 3537 A.
393 3485 462 3536 U.
484 3483 550 3536 C.
568 3487 666 3534 818
757 3484 1003 3549 See.App.
1022 3483 1221 3534 tol-list.
1245 3498 1298 3533 v.
1319 3499 1358 3534 s.
1372 3485 1424 3534 4.

372 3567 401 3601 e
432 3551 534 3599 For
552 3563 693 3599 more
713 3550 770 3599 os
783 3548 984 3600 Cestius
1006 3548 1210 3608 Gallus,
1223 3564 1310 3598 see
1334 3553 1465 3613 App.
1485 3554 1539 3605 to
1559 3548 1694 3600 Hist.
1715 3565 1766 3598 ν.
1786 3566 1827 3598 s.
1846 3551 1899 3600 4.

301 3618 409 3733 82¹1
440 3615 751 3680 Vespasian’s
771 3614 919 3681 rspid
930 3629 1125 3668 success
1160 3613 1353 3681 against
1372 3616 1463 3669 tho
1475 3615 1616 3666 Jews
1634 3629 1741 3666 was
1760 3618 1824 3667 A.
1840 3613 1908 3662 U.
1929 3613 1996 3664 C.
2016 3613 2115 3664 820
2129 3611 2231 3660 and
