2459 4075
223 166 343 221 328
814 158 888 217 C.
932 156 1179 234 CORN.
1225 155 1534 218 TAcl'rl.
1716 180 1798 223 a.
1832 178 1890 220 υ.
1921 179 1977 219 c.
2009 159 2140 217 822.

214 306 329 387 pisi,
360 303 700 384 expeditum
739 324 943 383 agmen
980 304 1280 364 incedere.
1366 303 1537 380 Signa
1578 303 1903 381 aquilaeque
1947 303 2147 363 victri—

218 388 375 448 cium
411 387 728 464 legionum,
755 386 971 450 milites
1009 381 1350 445 vulneribus
1386 392 1483 442 aut
1511 391 1678 460 aetate
1713 402 1945 459 graves,
1975 383 2156 462 pleri·

220 487 336 547 qne
374 467 545 526 etiam
572 467 805 543 integri,
834 465 1088 524 Veronae
1128 463 1358 524 relicti:
1405 464 1676 523 sufficere
1708 464 1984 538 cohortes
2013 464 2149 524 alae-

219 566 359 626 que,
383 555 443 606 et
464 566 499 607 e
520 547 844 623 legionibus
872 546 1033 614 lecti,
1073 544 1377 622 profligato
1399 544 1524 620 jam
1560 545 1738 614 bello,
1779 541 2146 604 videbantur.

220 628 544 686 Undecima
569 628 723 704 legio
744 644 875 684 sese
899 625 1257 701 adjunxerat,
1299 624 1461 682 initio
1484 631 1746 683 cunctata
1768 646 1783 696 3
1827 624 1952 694 sed,
1982 640 2151 701 pros-

221 708 384 786 peris
412 708 612 777 rebuS,
656 706 841 774 anxia,
885 706 1039 781 quod
1071 703 1384 763 defuisset.
1448 705 1586 762 ·Sex
1633 704 1812 762 millia
1861 704 2149 761 Dalmata-

223 807 376 858 rum,
424 804 633 846 recens
675 785 961 855 delectus,
1020 785 1459 843 comitabantur.
1563 784 1828 850 Ducebat
1865 783 2153 861 Poppaeus

225 868 511 931 Silvanus,
540 864 917 924 Consularis:
964 864 1053 923 vis
1097 864 1474 923 consiliorum
1505 884 1690 941 penes
1731 865 1982 922 Annium
2013 862 2150 921 Bas-

223 964 372 1016 sum,
414 944 657 1021 legionis
701 944 1016 1019 Legatum:
1081 945 1130 1003 is
1168 945 1465 1007 Silvanum
1508 944 1816 1003 socordem
1870 944 2052 1013 bellu,
2095 949 2154 1000 et

221 1026 347 1083 dies
376 1044 578 1083 rerum
629 1022 723 1104 (v)
767 1024 967 1083 verbis
994 1032 1307 1094 terentem,
1355 1026 1556 1102 specie
1595 1023 1863 1101 obsequii
1896 1024 2151 1100 regebat,

227 1105 299 1163 ad
326 1106 657 1180 omniaque,
689 1122 820 1181 quae
851 1105 1071 1181 agenda
1091 1104 1304 1174 forent,
1329 1104 1526 1181 quieta
1547 1124 1680 1164 cum
1701 1104 1980 1162 industria
2018 1102 2150 1161 ade·

223 1193 332 1244 rat.
418 1185 508 1241 Ad
538 1187 638 1241 has
666 1185 888 1261 copia5‚
936 1204 970 1243 e
999 1186 1256 1243 classicis
1292 1184 1741 1254 RavennatibuS,
1781 1184 2151 1260 legionariam

226 1265 487 1324 militiam
545 1266 944 1340 poscentibus,
1001 1268 1251 1342 optimus
1305 1265 1554 1343 quisque
1606 1265 1842 1323 adsciti:
1906 1265 2148 1322 classem

229 1345 509 1403 Dalmatae
540 1345 876 1422 suplevere.
960 1344 1271 1404 Exercitus
1296 1344 1612 1422 Ducesque
1640 1346 1708 1402 ad
1757 1345 1974 1402 Fanum
2004 1345 2149 1401 For·

228 1433 382 1486 tunae
406 1424 516 1504 (w)
554 1426 670 1482 iter
696 1424 923 1491 sistunt,
966 1423 1042 1481 de
1069 1443 1291 1482 summa
1338 1443 1538 1483 rerum
1576 1432 1931 1494 cunctanteS,
1976 1422 2149 1500 quod,

234 1513 248 1537 ⁶
279 1511 459 1561 motas
489 1522 564 1559 ex
591 1504 737 1559 urbe
782 1502 1095 1560 Praetorias
1140 1506 1479 1573 cohorteS,’·
1508 1506 1826 1575 audierant,
1866 1512 1925 1562 et
1961 1501 2151 1562 teneri

221 1581 509 1660 praesidiis
539 1581 904 1656 Apenninum
944 1583 1254 1641 rebantur:
1302 1591 1364 1641 et
1399 1585 1577 1660 ipsoS,
1623 1587 1682 1642 in
1717 1585 1955 1660 regione
1993 1584 2151 1641 bello

225 1663 449 1728 adtrita,
466 1659 661 1736 inopia
676 1667 737 1717 et
756 1661 1046 1720 seditiosae
1065 1662 1310 1721 militum
1336 1682 1515 1722 voces
1538 1667 1856 1734 terrebant,
1874 1673 1889 1698 ‘
1910 1663 2152 1722 clavari-

233 1749 248 1776 ‘
280 1741 398 1799 um’
428 1738 524 1818 (x)
554 1739 965 1815 flagitantium:
1011 1761 1121 1800 nec
1166 1744 1472 1819 pecuniam
1502 1753 1597 1803 aut
1639 1746 1993 1803 frumentum
2017 1762 2152 1820 pro·

229 1822 536 1880 viderant:
584 1827 644 1878 et
686 1818 974 1881 festinatio
1013 1830 1182 1898 atque
1222 1823 1462 1884 aviditas
1500 1825 1961 1901 praepediebant,
1991 1824 2151 1892 dum,

226 1919 356 1976 quae
387 1899 573 1975 accipi
602 1907 890 1975 poterant,
914 1900 1241 1981 rapiuntur.
1966 1907 1967 1910 ’
2014 1931 2024 1940 ’

308 1979 406 2037 LI.
452 1978 891 2041 Celeberrimos
918 1990 1184 2041 auctores
1218 1985 1429 2055 haben,
1467 1991 1677 2045 tantam
1707 1985 2028 2045 victoribus
2042 1982 2149 2042 ad-

228 2078 433 2120 versus
461 2059 545 2119 sas
572 2060 849 2139 nefasque
871 2063 1324 2123 inreverentiam
1339 2065 1538 2137 fuisse,
1559 2073 1623 2126 ut
1637 2068 1929 2143 gregarius
1953 2082 2151 2142 eques,

229 2141 486 2215 occisum
506 2161 538 2200 a
563 2161 651 2213 se,
673 2143 939 2219 proxima
966 2145 1111 2214 acie,
1160 2143 1399 2204 fratrem
1428 2145 1748 2223 professuS,
1798 2146 2103 2223 praemium
2122 2163 2154 2201 a

232 2221 491 2280 Ducibus
532 2224 791 2299 petierit.
876 2223 1007 2282 Nec
1035 2225 1149 2282 illis
1177 2234 1273 2284 aut
1300 2227 1590 2284 honorare
1629 2246 1754 2284 eam
1797 2225 2019 2285 caedem
2055 2226 2154 2303 jus

233 2302 552 2372 hominum,
598 2301 690 2381 (y)
732 2311 827 2361 aut
853 2304 1055 2361 ulcisci
1100 2305 1246 2362 ratio
1274 2306 1437 2376 belli,
1477 2307 1867 2382 permittebat.
1957 2305 2152 2364 Distu-

231 2381 443 2450 lerant,
471 2388 759 2457 tamquam
796 2383 1015 2456 majora
1045 2384 1340 2455 meritum,
1380 2405 1549 2462 quam
1579 2405 1705 2463 quae
1743 2386 1930 2443 statim
1960 2385 2149 2444 exsol-

231 2468 551 2519 verentur:
597 2478 708 2518 nec
731 2459 1043 2536 quidquam
1069 2463 1222 2520 ultra
1267 2465 1531 2523 traditur.
1617 2466 1914 2524 Ceterum,
1946 2474 2006 2523 et
2031 2464 2150 2542 pri·

235 2539 433 2598 oribus
461 2535 674 2596 civium
693 2538 865 2597 bellis
887 2558 995 2615 par
1015 2543 1206 2600 scelus
1227 2543 1546 2604 inciderat:
1592 2565 1721 2603 nam
1747 2526 1981 2622 proesiO,
2000 2543 2153 2621 quod

237 2620 386 2693 apud
407 2617 444 2671 J
449 2616 737 2677 aniculum
764 2615 858 2699 (z)
886 2619 1163 2679 adversus
1193 2623 1436 2681 Cinnam
1476 2632 1788 2701 pugnatum
1826 2633 1935 2694 est,
1982 2625 2151 2681 Pom-

231 2697 467 2773 peianus
495 2695 662 2756 miles
682 2697 923 2757 fratrem
943 2712 1128 2773 suum,
1155 2703 1313 2775 dein,
1340 2706 1569 2780 cognito
1595 2704 1876 2782 facinore,
1901 2703 2157 2780 seipsum

299 2871 328 2903 υ
362 2853 487 2903 Dies
509 2869 690 2905 rerum.
726 2855 840 2905 The
856 2855 977 2907 time
998 2859 1148 2906 when
1167 2862 1235 2910 he
1252 2863 1410 2926 ought
1428 2866 1482 2910 to
1502 2866 1598 2912 act.
1626 2871 1643 2880 ⁶

238 2935 358 3035 Ago·
377 2918 576 3034 {unum
610 2920 859 2972 Fortunoe.
891 2923 1025 2973 Now
1058 2925 1217 2986 Fano,
1257 2944 1288 2975 a
1324 2934 1439 2991 port
1469 2934 1611 2987 town
1642 2929 1702 2979 of
1736 2928 1940 2988 Urbino,
1968 2942 2032 2976 on
2063 2926 2149 2976 the

319 3000 394 3034 ria
435 3002 479 3034 c.
1595 2999 1600 3004 '

303 3067 340 3102 :c
375 3051 664 3105 clavarium
683 3067 788 3104 was
810 3071 841 3104 a
861 3055 1093 3107 donative
1113 3059 1326 3122 granted
1342 3066 1395 3108 to
1415 3061 1500 3110 the
1522 3060 1726 3110 soldiers
1747 3064 1801 3109 to
1816 3059 1994 3108 enable
2015 3059 2156 3107 them

232 3124 284 3165 to
303 3121 546 3180 purchase
579 3120 802 3170 nails.for
837 3122 971 3173 their
991 3124 1149 3175 shoes.
1216 3125 1273 3174 In
1292 3125 1398 3174 like
1434 3141 1659 3187 manner,
1695 3127 1783 3176 the
1804 3122 2038 3176 donative
2075 3124 2152 3173 for

235 3183 377 3230 shoes
396 3199 500 3233 was
520 3187 683 3235 called
718 3187 1046 3240 calcearium.

296 3265 335 3311 y
364 3250 464 3298 Jm
482 3251 752 3303 hominum.
787 3255 900 3304 The
921 3257 1023 3303 law
1044 3256 1103 3305 os
1120 3257 1328 3316 natiom,
1348 3273 1405 3306 or
1423 3257 1621 3306 natural
1640 3259 1761 3306 law,

305 3331 334 3362 z
364 3313 675 3378 Juniculum,
700 3333 733 3365 a
753 3318 875 3381 high
907 3320 1001 3369 hill
1022 3328 1076 3370 at
1112 3322 1293 3382 Rome,
1312 3325 1409 3371 but
1431 3328 1518 3371 not
1536 3339 1629 3373 one
1651 3325 1710 3373 os
1720 3323 1808 3371 the
1824 3330 2011 3381 seven:
2040 3333 2157 3370 now

240 3379 400 3426 called
428 3379 597 3454 Monte
622 3384 904 3446 Giam'colo,
930 3387 1026 3434 and
1058 3401 1199 3437 more
1233 3390 1511 3451 commonly
1532 3390 1798 3440 montorio.
1868 3388 1984 3439 The
2021 3393 2158 3448 story

240 3443 300 3518 of
311 3459 342 3491 a
356 3442 538 3519 soldier
556 3447 737 3521 killing
751 3449 827 3496 his
838 3449 1045 3500 brother
1059 3452 1112 3501 in
1126 3454 1301 3513 battle,
1316 3456 1413 3503 and
1429 3469 1491 3504 on
1512 3454 1598 3504 the
1619 3456 1881 3518 discovery
1893 3452 2155 3517 despatch-

173 3578 180 3584 ⁸
241 3522 326 3572 mg
346 3510 558 3569 himself,
593 3527 635 3560 is
664 3514 770 3560 told
805 3514 876 3577 by
892 3516 1123 3566 Valerius
1144 3520 1420 3579 Maximus,
1438 3521 1574 3570 book
1593 3537 1644 3571 v.
1665 3524 1811 3586 ohap.
1833 3526 1885 3571 5.
1916 3535 1957 3569 s.
1973 3521 2023 3568 4.
2057 3518 2154 3564 but

237 3573 519 3690 {iffiuted
538 3581 591 3626 to
618 3592 650 3625 a
681 3579 863 3629 soldier
897 3583 1058 3632 under
1079 3584 1343 3637 Sertorius.
1409 3586 1507 3637 See
1539 3587 1714 3653 Livy's
1745 3586 1995 3652 Epitome‚
2014 3582 2153 3632 book
2214 3598 2224 3603 “
