2459 4075
209 204 260 250 ι.
291 204 346 244 c.
369 183 470 244 ενι.
950 181 1374 244 AomcoLA.
2012 192 2150 249 307⁷
2168 140 2185 173 ⁵
2228 205 2231 208 ¹

216 332 468 390 hostium
513 323 827 406 agminibus
874 336 937 389 et
975 330 1352 406 inaequalibus
1395 329 1540 390 locis
1575 331 1918 394 haerebant:
1962 332 2129 391 mini-

221 430 433 488 meque
461 413 750 489 equestris
779 429 851 469 ea
884 429 1092 488 pugnae
1120 409 1298 469 facies
1339 418 1487 481 erat,
1514 430 1649 470 cum
1675 429 1833 487 aegre
1859 414 1954 471 (liu
1981 419 2132 472 stan-

220 497 333 560 tes,
354 491 526 550 simul
550 509 834 568 equorum
880 492 1228 568 corporibus
1257 490 1709 568 inpellerentur,
1735 510 1801 550 ac
1829 511 1989 569 saepe
2032 511 2131 550 va-

217 572 275 646 gi
294 590 523 641 currus,
545 571 814 630 exterriti
840 569 966 629 sine
989 572 1317 630 rectoribus
1346 572 1500 649 equi,
1531 580 1591 629 ut
1618 589 1908 649 quemque
1935 571 2131 630 sormi·

216 651 294 709 do
314 652 548 720 tulerat,
568 657 956 720 transversos,
984 657 1077 709 aut
1111 651 1317 711 obvios
1344 651 1732 710 incursabant.

302 729 615 789 xxxvn.
658 728 737 787 Et
761 729 1041 796 Britanni,
1084 731 1182 806 qui
1224 732 1410 789 adhuc
1439 750 1647 808 pugnae
1678 741 1956 806 expertes
1983 743 2143 790 sum-¹

222 829 316 869 ma
342 810 577 868 collium
593 809 1035 879 insederant„et
1056 809 1401 885 paucitatem
1424 820 1751 869 nostrorum
1776 812 1943 869 vacui
1966 830 2132 887 sper-

224 891 459 961 nebant,
512 888 751 972 degredi
786 888 1099 966 paullatim,
1149 895 1209 947 et
1235 890 1544 952 circumire
1571 901 1734 966 terga
1779 890 2133 952 vincentium

223 975 561 1047 coeperant:
606 969 664 1027 ni
692 969 751 1027 id
775 970 961 1047 ipsum
1010 970 1233 1027 veritus
1276 968 1568 1044 Agricola,
1596 977 1844 1046 quatuor
1884 972 2139 1047 equitum

224 1051 368 1119 alaS,
412 1050 483 1108 ad
549 1050 736 1108 subita
786 1048 927 1107 belli
983 1055 1261 1119 retentas,
1318 1048 1685 1107 venientibus
1753 1051 2138 1125 opposuisset,

224 1136 555 1208 quantoque
604 1126 859 1187 ferocius
901 1134 1266 1198 accurerant,
1309 1134 1463 1186 tanto
1492 1129 1677 1186 acrius
1705 1130 1900 1204 pulsos
1948 1130 2006 1187 in
2052 1130 2137 1189 su-

223 1228 351 1284 gam
398 1207 742 1284 disjecisset.
829 1209 917 1267 lta
942 1207 1247 1266 consilium
1274 1206 1680 1266 Britannorum
1707 1208 1768 1264 in
1816 1208 1973 1283 ipsos
2001 1228 2136 1268 ver·

226 1307 350 1346 sum
379 1311 393 1347 ε
440 1295 901 1364 transvectaeque
931 1293 1235 1364 praecepto
1271 1287 1450 1346 Ducis
1478 1306 1513 1345 a
1537 1286 1729 1346 fronte
1772 1289 2140 1363 pugnantium

223 1368 355 1438 alae,
384 1386 647 1426 aversam
685 1368 936 1426 hostium
959 1368 1142 1428 aciem
1163 1367 1455 1426 invasere.
1494 1393 1497 1396 ·
1542 1367 1696 1425 Tum
1722 1385 1872 1424 vero
1894 1368 2139 1443 patenti-

215 1450 331 1507 -bus
353 1449 498 1506 locis
543 1447 760 1522 grande
787 1455 852 1507 et
895 1455 1060 1506 atrox
1100 1443 1538 1524 spectaculum:
1583 1448 1773 1524 sequi,
1803 1447 2141 1518 vulnerare,

226 1546 444 1605 capere
498 1536 668 1605 atque
717 1529 977 1598 eosdem,
1026 1527 1234 1586 oblatis
1288 1527 1436 1597 aliis,
1489 1527 1803 1586 trucidare.
1835 1524 1934 1605 (g)
2012 1526 2142 1585 Ja'm

226 1608 502 1679 hostium,
539 1615 715 1684 prout
740 1608 951 1686 cuique
981 1607 1273 1683 ingenium
1321 1614 1472 1678 erat,
1515 1614 1765 1667 catervae
1793 1613 2138 1666 armatorum

226 1689 595 1766 paucioribus
632 1697 797 1762 terga
822 1696 1127 1766 praestare,
1171 1687 1401 1763 quidam
1445 1687 1697 1745 inermes
1745 1688 1900 1745 ultro
1937 1705 2139 1758 ruere,

229 1787 297 1826 ac
324 1786 389 1825 se
420 1768 589 1824 morti
613 1766 852 1825 offerre.
938 1766 1156 1824 Passim
1185 1785 1344 1823 arma
1363 1774 1421 1823 et
1457 1780 1710 1842 corpora
1758 1774 1820 1825 et
1842 1766 2022 1824 laceri
2050 1785 2141 1824 ar-

227 1855 320 1906 tus
349 1853 409 1903 et
434 1850 672 1906 cruenta
692 1845 932 1911 humus:
982 1852 1042 1903 et
1068 1844 1375 1921 aliquando
1424 1844 1598 1902 etiam
1626 1843 1795 1903 victis
1820 1845 1907 1902 ira
1933 1845 2143 1904 virtus-

230 1924 389 2003 que:
435 1933 743 2000 postquam
793 1925 954 1983 silvis
1003 1924 1556 2000 adpropinquarunt,
1601 1923 1874 1993 conlecti,
1924 1927 2144 2001 primos

226 2005 613 2082 sequentium,
641 2004 898 2063 incautos
926 2011 987 2062 et
1005 2004 1270 2062 locorum
1310 2004 1561 2080 ignaros,
1589 2004 2141 2064 circumveniebant.

227 2076 399 2156 Quod
435 2084 493 2142 ni
530 2082 807 2162 frequens
844 2083 1058 2159 ubique
1085 2083 1362 2158 Agricola
1388 2083 1608 2143 validas
1636 2090 1696 2142 et
1716 2082 2016 2160 expeditas
2034 2076 2165 2143 ‘co-³

227 2164 452 2233 hortes,
500 2162 778 2239 indaginis
807 2163 999 2233 mod0‚
1047 2169 1129 2233 et,
1177 2162 1364 2221 sicubi
1409 2162 1659 2222 arctiora
1705 2171 1892 2233 erant,
1922 2171 2147 2241 partem

228 2242 507 2321 equitum,
534 2242 779 2301 dimissis
808 2242 997 2320 equis,
1034 2242 1201 2301 simul
1233 2242 1487 2300 rariores
1514 2242 1692 2302 silvas
1726 2243 1979 2318 equitem
2009 2244 2146 2321 per·

228 2326 446 2382 sultare
458 2323 751 2400 jussisset,
773 2330 1077 2398 acceptum
1104 2321 1336 2399 aliquod
1379 2323 1585 2380 vulnus
1609 2342 1722 2400 per
1746 2323 1974 2386 nimiam
2002 2323 2148 2382 fidu·

225 2404 374 2465 ciam
401 2402 573 2461 foret.
601 2440 608 2443 -
658 2401 962 2471 Ceterum,
992 2401 1091 2459 ubi
1133 2402 1485 2477 compositos
1512 2402 1693 2461 firmis
1721 2404 2016 2462 ordinibus
2053 2421 2148 2462 se·

230 2485 330 2560 qui
362 2496 559 2541 rursus
580 2481 808 2553 videre,
831 2484 889 2540 in
917 2479 1103 2557 sugam
1138 2481 1319 2549 versi,
1348 2499 1462 2538 non
1492 2482 1830 2557 agminibus,
1864 2490 1928 2541 ut
1962 2484 2149 2559 prius,

231 2582 343 2621 nec
366 2563 506 2620 alius
524 2562 699 2619 alium
727 2570 1147 2638 respectantes,
1169 2561 1284 2618 rari
1308 2566 1369 2617 et
1395 2552 1688 2619 viffibundi
1720 2564 1993 2632 invicem,
2007 2564 2146 2653 Jon-

227 2644 439 2719 ginqua
470 2649 642 2718 atque
672 2643 800 2700 avia
841 2642 1105 2718 petiere:
1152 2639 1282 2698 finis
1324 2640 1606 2715 sequendi
1652 2661 1767 2701 nox
1809 2649 1871 2701 et
1914 2653 2147 2706 satietas

231 2720 358 2792 suit,
407 2741 560 2780 caesa
612 2722 859 2780 hostium
887 2721 958 2779 ad
1008 2720 1215 2778 decem
1258 2720 1472 2777 millia:
1519 2728 1844 2781 nostrorum
1898 2723 2149 2781 trecenti

232 2801 525 2875 sexaginta
577 2802 892 2859 cecidere:
939 2802 995 2859 in
1026 2800 1151 2877 quis
1196 2799 1378 2856 Aulus
1425 2800 1663 2869 Atticus,
1701 2798 1794 2879 (h)
1827 2801 2149 2863 Praefectus

232 2881 512 2950 cohortiS,
532 2879 785 2956 juvenili
806 2879 1015 2938 ardore
1045 2888 1104 2938 et
1127 2878 1352 2961 ,ferocia
1378 2879 1509 2956 equi
1532 2880 1790 2939 hostibus
1819 2880 2045 2940 inlatus.

301 3053 341 3101 g
370 3036 625 3100 Longinus
648 3039 735 3085 has
751 3036 1011 3095 observed,
1026 3038 1138 3086 that
1148 3036 1410 3099 banishing
1429 3035 1737 3099 copulatives
1757 3036 1799 3084 is
1820 3053 1850 3085 a
1870 3044 2013 3101 great
2027 3040 2150 3103 help

238 3106 291 3150 to
313 3103 399 3150 the
433 3103 686 3166 grandeur
705 3103 764 3151 of
793 3119 823 3150 a
856 3107 1108 3150 sentence:
1143 3104 1292 3150 when
1324 3102 1660 3164 conjunctions
1697 3118 1783 3151 are
1820 3102 2028 3168 artfussy
2048 3106 2146 3154 dis-

237 3168 437 3226 carded,
454 3169 541 3216 the
557 3167 753 3230 periods
775 3182 862 3216 are
879 3169 1069 3229 poured
1098 3168 1247 3232 along
1262 3169 1311 3216 in
1329 3169 1452 3216 such
1474 3183 1503 3216 a
1520 3183 1726 3217 manner
1747 3169 1856 3217 that
1877 3170 1998 3233 they
2012 3186 2149 3220 seem

239 3238 293 3282 to
306 3234 519 3296 outstrip
531 3236 617 3283 the
631 3233 850 3298 thought
858 3233 916 3283 of
920 3234 1006 3282 the
1019 3234 1250 3296 speaker,
1315 3233 1400 3282 He
1413 3233 1534 3283 cites
1547 3251 1577 3283 a
1590 3250 1792 3299 passage
1806 3235 1858 3282 in
1872 3235 2147 3300 Xenophon

217 3314 293 3347 as
315 3315 379 3347 an
400 3301 660 3362 example3
693 3300 881 3363 closing
898 3298 1031 3347 their
1046 3299 1229 3346 shields
1245 3301 1490 3363 together,
1503 3301 1623 3363 they
1644 3315 1779 3348 were
1801 3296 2011 3361 pushed,
2027 3305 2149 3366 they

241 3364 436 3428 fought,
468 3366 590 3427 they
610 3367 747 3424 slew,
768 3366 890 3428 they
923 3379 1060 3413 were
1081 3364 1222 3413 slain.
1290 3365 1345 3414 In
1376 3366 1657 3427 describing
1675 3366 1763 3413 the
1785 3371 1902 3414 rout
1921 3367 1983 3416 of
2003 3367 2145 3418 Cati-

239 3429 383 3478 line’s
421 3444 579 3493 army,
617 3432 803 3479 Sallust
821 3446 948 3493 says,
968 3432 1091 3493 they
1126 3428 1244 3488 fied,
1276 3431 1398 3492 they
1421 3445 1556 3479 were
1589 3430 1837 3488 followed,
1857 3432 1980 3496 they
2012 3449 2145 3480 were

243 3495 417 3550 killed,
438 3497 561 3560 they
583 3498 716 3545 were
754 3497 1140 3560 taken-Sequi,
1162 3497 1364 3562 sugere,
1395 3498 1567 3554 occidi,
1600 3500 1735 3560 capi.
1799 3496 2006 3546 Tacitus
2042 3511 2146 3544 saw

244 3562 332 3611 the
354 3563 530 3624 huri-y,
550 3563 637 3610 the
674 3561 824 3619 force,
858 3562 943 3610 the
964 3561 1184 3624 rapidity
1205 3563 1265 3610 os
1286 3563 1375 3610 the
1405 3560 1667 3624 disjointed
1687 3562 1851 3610 words
1871 3562 1922 3609 in
1945 3561 2145 3613 Sallust.

243 3628 342 3676 and
361 3628 578 3692 thought
590 3629 677 3676 the
700 3642 900 3691 passage
919 3627 1115 3689 worthy
1137 3627 1195 3675 of
1207 3625 1471 3675 imitation.
1564 3679 1571 3687 ,

310 3694 350 3743 h
381 3694 544 3744 Aulus
566 3690 761 3745 Atticus
782 3708 886 3743 was
901 3692 1150 3758 probably
1169 3693 1259 3744 the
1273 3693 1474 3757 praesect
1495 3693 1552 3743 os
1564 3709 1596 3743 a
1616 3688 1875 3758 Tungrian
1890 3690 2077 3741 eohort.
