2459 4075
291 127 369 181 58
887 124 960 185 C.
1004 122 1252 186 CORN.
1297 122 1606 184 TAclTl.
1711 66 1722 86 =
1778 132 1867 184 a·
1898 136 1961 187 u.
1991 147 2047 187 c.
2076 131 2221 188 822.

266 275 274 286 '
297 272 499 342 tentia
512 270 744 347 ingenio
767 271 922 331 inter
947 273 1136 331 claros
1164 275 1360 349 magis,
1380 290 1548 349 quam
1571 271 1725 330 inter
1748 270 1956 345 bonos,
1974 275 2226 335 Αιιιιίιιιιι

284 352 591 423 Faustum,
620 349 926 429 Equestris
955 352 1194 423 ordinis,
1233 353 1329 430 qui
1375 353 1736 428 temporibus
1779 351 2037 413 Neronis
2064 357 2225 415 dela·

192 439 199 444 '
292 432 481 491 tiones
499 429 890 508 factitaverat,
918 434 988 490 ad
1014 433 1401 509 cognitionem
1442 433 1680 490 Senatus
1721 433 1981 492 vocabat.
2066 435 2126 493 N
2130 455 2226 494 am

295 531 531 581 recens,
560 512 763 570 Galbae
806 511 1163 589 Principatu,
1205 520 1551 571 censuerant
1596 511 1869 583 Patres‚‘
1899 520 1965 572 ut
1989 534 2226 574 accusa·

295 599 534 652 ‘torum
569 610 788 650 caussae
817 593 1248 652 noscerentur?
1334 592 1398 648 Id
1448 592 2009 651 Senatusconsultum
2054 597 2227 655 varie

284 665 563 762 jactatum
589 678 670 743 et,
693 679 870 748 prout
890 680 1096 749 potens
1119 671 1261 731 vel'
1247 690 1412 750 inops
1442 691 1576 731 reus
1598 672 1901 742 inciderat,
1930 672 2226 736 infirmnm

294 760 388 812 aut
412 750 663 810 validum
713 752 1092 811 retinebatur.
1177 752 1267 810 Ad
1313 752 1427 810 hoc
1467 753 1713 811 terroris
1762 759 1823 810 et
1874 755 2116 830 propria
2160 757 2225 817 vi

267 830 539 908 'Crispus
585 831 946 902 incubuerat,
992 832 1315 892 delatorem
1337 830 1531 892 fratris
1558 832 1648 890 sui
1688 832 1797 911 (u)
1825 842 2215 908 pervertere·

204 963 221 973 ι
290 918 671 987 traxeratque
720 930 977 988 magnam
1024 912 1269 971 Senatus
1323 919 1619 989 partem,‘
1647 920 1710 970 ut
1751 913 2116 973 indefensum
2157 923 2224 975 et

295 996 316 1025 ‘
343 990 656 1049 inauditum
711 990 845 1050 dedi
893 992 961 1050 ad
1004 992 1266 1051 exitium’
1322 992 1702 1084 postularent.
1790 991 2015 1052 Contra
2069 996 2223 1071 apud

214 1131 220 1136 ,
289 1069 434 1129 alios
454 1071 599 1128 nihil
628 1090 797 1148 aeque
827 1089 932 1130 reo
954 1073 1254 1150 proderat,
1284 1091 1453 1162 quam
1481 1072 1655 1129 nimia
1698 1068 1958 1149 potentia
1984 1071 2224 1135 adcusa-

289 1150 474 1212 teris.
522 1152 694 1210 ‘dari
735 1158 986 1229 tempus,
1030 1151 1124 1211 edi
1153 1152 1416 1222 crimina,
1446 1151 1709 1230 quamvis
1747 1151 1995 1211 invisum
2023 1173 2088 1211 ac
2116 1173 2222 1213 no·

295 1239 312 1267 ⁸
337 1237 592 1301 centem,
633 1250 798 1290 more
824 1239 1018 1291 tamen
1052 1232 1440 1302 audiendumss
1464 1234 1797 1290 censebant.
1880 1232 1957 1290 Et
1978 1235 2225 1294 valuere

293 1312 508 1392 primo,
530 1276 858 1388 dilataque*
843 1332 901 1369 ιιι
925 1331 1138 1390 paucos
1166 1311 1290 1370 dies
1324 1311 1611 1385 cognitio:
1659 1330 1792 1369 mox
1814 1312 2105 1371 damnatus
2134 1320 2229 1373 est

292 1394 558 1461 Faustus,
580 1410 940 1467 nequaquam
968 1410 1041 1449 eo
1064 1391 1308 1449 adsensu
1326 1390 1595 1462 civitatis,
1619 1410 1787 1469 quem
1811 1392 2076 1468 pessimis
2098 1411 2224 1456 mo-

294 1472 458 1530 ribus
484 1477 812 1528 meruerat:
859 1471 1078 1547 quippe
1108 1470 1292 1546 ipsum
1332 1470 1606 1547 Crispum
1638 1471 1867 1529 easdem
1898 1473 2222 1532 adcusatio·

294 1570 400 1611 nes
429 1569 560 1608 cum
591 1550 835 1626 praemio
857 1550 1194 1609 exercuisse
1224 1550 1644 1610 meminerant:
1691 1571 1801 1610 nec
1823 1571 2001 1633 poena
2027 1552 2226 1612 crimi-

254 1685 259 1688 .
294 1630 407 1702 nis,
429 1629 535 1688 sed
562 1630 718 1688 ultor
743 1628 1104 1707 displicebat.

378 1709 692 1770 X1.Laeta
732 1709 965 1769 interim
992 1709 1211 1768 Othoni
1242 1711 1530 1789 principia
1556 1713 1721 1783 belli,
1744 1713 1913 1771 motis
1942 1712 2052 1771 ad
2029 1732 2227 1791 impe-

273 1790 446 1851 'rium
475 1790 599 1866 ejus
629 1807 663 1847 e
692 1789 976 1848 Dalmatia
1014 1789 1425 1867 Pannoniaque
1448 1793 1845 1851 exercitibus·
1890 1792 2058 1852 suere
2088 1813 2230 1870 qua·

293 1877 431 1930 tuor
456 1865 754 1945 legiones.
802 1888 837 1927 e
880 1870 1085 1947 quibus
1112 1871 1247 1928 bina
1283 1872 1463 1931 millia
1488 1872 1823 1949 praemissa.
1866 1873 2010 1950 ipsae
2039 1873 2225 1931 modi·

295 1950 381 2010 cis
424 1949 746 2010 intervallis
775 1950 1203 2026 sequebantur.
1250 1952 1498 2027 septima
1546 1973 1577 2009 a
1623 1953 1807 2011 Galba
1851 1952 2221 2030 conscripta·
2206 1998 2225 2026 ,

292 2038 590 2091 veteranae
622 2028 922 2089 undecima
957 2050 1022 2089 ac
1045 2030 1445 2092 tertiadecima
1471 2039 1533 2090 et
1558 2032 1855 2110 praecipua
1876 2032 2024 2092 fama
2053 2053 2227 2111 quar·

296 2111 682 2182 tadecumani‚
737 2100 1061 2170 rebellione
1110 2110 1425 2173 Britanniae
1474 2130 1827 2204 compressa.
1911 2112 2229 2173 Addiderat

295 2193 540 2268 gloriam
580 2189 640 2247 N
645 2211 772 2263 ero
826 2192 1115 2266 eligendo,
1183 2199 1248 2250 ut
1310 2193 1703 2270 postissimos.
1747 2193 1902 2251 unde
1941 2194 2111 2269 longa
2153 2195 2224 2252 il-

295 2273 369 2330 lis
424 2291 565 2348 erga
615 2268 920 2330 Neronem
973 2271 1142 2342 fides,
1191 2277 1253 2329 et
1300 2279 1499 2331 erecta
1547 2273 1607 2330 in
1661 2270 1955 2332 Othonem
2008 2274 2217 2333 studia.

299 2352 439 2424 Sed,
483 2371 597 2431 quo
626 2352 758 2427 plus
795 2350 1014 2408 virium
1043 2369 1109 2406 ac
1138 2351 1391 2422 roboris,
1420 2371 1454 2410 e
1500 2351 1724 2411 fiducia
1754 2352 1986 2411 tarditas
2028 2353 2220 2412 inerat

295 2451 499 2508 agmen
539 2430 831 2504 legionum
871 2420 978 2495 alae
1021 2429 1415 2509 cohortesque
1466 2432 1938 2509 praeveniebant.
2029 2432 2105 2490 Et
2145 2452 2221 2492 ex

290 2511 420 2589 ipsa
446 2510 594 2570 urbe
643 2508 792 2573 haud
839 2509 1169 2584 spernenda
1207 2529 1429 2581 manus,
1485 2513 1742 2603 quinque
1791 2508 2092 2570 Praetoriae
2122 2532 2223 2571 co·

284 2592 518 2659 horteS‚
540 2595 599 2646 et
647 2587 904 2664 equitum
935 2588 1150 2646 vexilla
1190 2609 1322 2651 cum
1348 2592 1573 2667 legione
1601 2592 1824 2669 prima.
1871 2610 1936 2649 ac
1957 2591 2225 2652 deforme

293 2671 539 2747 insuper
559 2668 851 2736 auxilium,
869 2666 984 2724 duo
1011 2668 1191 2726 millia
1214 2670 1610 2745 gladiatorum,
1638 2672 1742 2730 sed
1770 2690 1883 2755 per
1908 2670 2104 2731 civilia
2130 2693 2225 2732 ar-

295 2770 389 2811 ma
429 2749 604 2808 etiam
651 2747 897 2805 severis
927 2746 1184 2807 Ducibus
1233 2759 1585 2827 usurpatum.
1667 2750 1776 2809 His
1805 2750 1989 2826 copiis
2017 2759 2221 2812 rector

295 2830 518 2890 additus
548 2826 764 2885 Annius
790 2825 1014 2895 GalluS,
1043 2846 1174 2884 cum
1204 2827 1498 2888 Vestricio
1521 2831 1806 2907 Spurinna
1834 2830 1904 2888 ad
1932 2849 2221 2908 occupan-

293 2911 394 2985 das
418 2908 559 2967 Padi
580 2907 735 2983 ripas
757 2905 1129 2982 praemissus:
1176 2909 1442 2984 quoniam
1464 2911 1652 2987 prima
1672 2911 2046 2969 consiliorum
2071 2909 2224 2970 frus-

291 2980 385 3049 tra
424 2988 779 3057 ceciderant,
816 2994 1173 3062 transgresso
1205 2987 1329 3064 jam
1370 2990 1551 3067 Alpes
1600 2989 1851 3060 Cercina,
1883 3008 2057 3067 quem
2098 2992 2222 3049 sisti

295 3072 449 3130 intra
491 3067 708 3127 Gallias
752 3085 925 3143 posse
973 3076 1333 3142 speraverat.
1421 3072 1617 3150 Ipsum
1664 3034 1957 3128 Othonem
1984 3072 2223 3130 comita·

295 3151 506 3209 bantur
530 3148 960 3226 speculatorum
989 3146 1096 3225 (v)
1122 3150 1276 3206 lecta
1301 3169 1573 3233 corpora,
1614 3168 1745 3208 cum
1787 3150 2002 3208 ceteris
2055 3149 2219 3208 Prae-

296 3230 461 3289 toriis
490 3228 849 3297 cohortibus,
898 3228 1163 3285 veterani
1190 3248 1225 3286 e
1270 3225 1577 3299 Praetorio,
1600 3230 1977 3288 classicorum
2016 3229 2220 3307 ingens

295 3328 589 3372 numerus·
672 3305 803 3363 Nec
849 3306 937 3365 illi
990 3324 1168 3391 segne
1216 3321 1313 3367 aut
1360 3316 1705 3387 conruptum
1733 3306 1875 3367 luxu
1913 3310 2065 3368 iter:
2112 3310 2221 3370 sed

367 3521 407 3556 ιι
439 3504 534 3555 His
553 3503 762 3552 brother
781 3515 885 3550 was
901 3499 1082 3549 Vibius
1099 3502 1386 3564 Secundus3
1417 3520 1450 3554 a
1468 3517 1584 3554 man
1602 3501 1864 3554 convicted
1883 3505 1943 3560 of
1954 3503 2226 3556 extortion.

367 3586 398 3621 v
430 3571 814 3645 Spectaculorum,
835 3566 1098 3631 praetoriam
1114 3567 1347 3638 guards.’
