2459 4075
0 0 200 179 Γ,
295 0 306 3 4

252 196 318 244 J.
346 195 404 238 c.
438 179 536 234 vo.
714 172 1041 235 ms‘ron.
1085 173 1238 234 Lm.
1282 149 1686 246 QUARTUS.
2067 163 2178 229 ηρ

272 323 289 354 ‘
319 324 553 381 valent:
597 319 695 401 (u)
724 322 988 381 sincerus
1016 326 1077 380 et
1099 320 1328 397 integer
1352 327 1413 379 et
1438 316 1737 380 servitutis
1749 315 1976 396 ‘oblitus
1994 333 2181 392 popu-

269 401 290 435 ‘
317 402 428 473 lus,
451 408 550 461 aut
565 421 641 461 ex
663 421 830 477 aequo
859 401 1059 478 agetis,
1082 408 1179 461 aut
1206 401 1332 459 aliis
1352 397 1800 479 imperitabitis.’
2183 397 2196 418 '

347 481 530 541 LXV.
570 481 1050 558 Agrippinenses,
1072 483 1300 559 sumpto
1328 478 1685 539 consultandi
1722 476 1929 555 spatio,
1955 474 2186 554 quando

265 578 455 635 neque
481 560 681 622 subire
701 559 1058 620 conditiones
1085 570 1273 620 metus
1299 557 1500 629 futui-i,
1528 578 1718 636 neque
1739 558 1927 636 palam
1948 556 2186 632 adsper-

268 641 394 699 nari
415 641 672 701 conditio
692 659 976 717 praesenS,
1004 642 1248 709 sinebat,
1271 641 1330 700 in
1355 641 1509 699 hunc
1541 638 1773 697 modum
1812 636 2187 713 respondent.

274 726 290 753 ‘
319 720 469 791 Quae
490 724 677 800 prima
707 719 992 779 libertatis
1019 719 1258 779 facultas
1280 721 1412 780 data
1438 726 1549 788 est,
1588 718 1810 777 avidius
1847 736 2014 793 quam
2054 735 2188 773 cau-

272 808 287 833 ‘
317 801 451 872 tius,
476 800 860 877 sumpsimus,
903 806 968 858 ut
1000 799 1171 858 vobis
1200 800 1536 877 ceterisque
1579 797 1905 867 Germanis,
1948 815 2187 854 consan-

274 887 291 916 ‘
316 881 543 955 guineis
578 882 812 949 nostris,
830 881 1235 957 jungeremur.
1318 879 1519 938 Muros
1548 878 1815 948 civitatis,
1843 893 2194 952 congregan-

275 960 468 1019 ‘tibus
489 980 554 1020 se
575 980 708 1020 cum
729 960 976 1019 maxime
1010 957 1404 1017 Romanorum
1429 958 1807 1027 exercitibus,
1836 961 2070 1032 augere'
2087 975 2189 1014 no·
2250 1001 2255 1005 .

279 1045 292 1072 ‘
324 1040 436 1110 bis,
465 1059 638 1116 qnam
658 1039 921 1113 diruere,
956 1038 1136 1098 tutius
1174 1046 1282 1097 est.
1368 1038 1428 1095 Si
1474 1038 1570 1114 qni
1610 1055 1686 1096 ex
1714 1037 1897 1107 Italia,
1926 1043 2020 1094 aut
2052 1053 2190 1113 pro-

278 1126 292 1150 ‘
322 1119 554 1188 vinciis,
577 1119 913 1194 alienigena}
958 1120 1016 1177 in
1052 1118 1259 1176 finibus
1294 1117 1507 1175 nostris
1547 1113 1797 1185 fuerant,
1834 1135 1936 1174 eos
1972 1116 2193 1174 bellum

280 1204 296 1230 ⁶
323 1197 658 1273 absumpsit,
685 1200 783 1256 vel
812 1198 873 1256 iri
896 1217 1026 1257 suas
1054 1197 1303 1276 quisque
1330 1197 1501 1256 sedes
1538 1194 1828 1271 refugere.
1913 1193 2193 1254 Deductis

284 1282 298 1309 ‘
331 1275 468 1333 olim
496 1276 590 1356 (v)
612 1285 673 1336 et
691 1277 990 1338 nobiscum
1034 1296 1147 1355 per
1164 1276 1515 1350 connubium
1542 1275 1793 1344 sociatis,
1822 1274 2038 1350 quique
2058 1293 2196 1336 mox

282 1362 297 1387 ‘
328 1373 686 1432 provenere,
708 1357 838 1416 haec
860 1359 1046 1435 patria
1072 1363 1180 1416 est.
1266 1356 1399 1416 Nec
1426 1361 1532 1415 v'os
1562 1355 1706 1414 adeo
1742 1354 1970 1430 iniquos
1998 1354 2194 1412 existi-

277 1443 295 1467 ‘
327 1443 564 1506 mamus,
603 1437 666 1495 ut
699 1436 950 1500 interfici
979 1436 1204 1495 anobis
1229 1443 1526 1514 parentes,
1552 1434 1784 1505 fratres,
1813 1435 2032 1493 liberos
2065 1450 2196 1493 nos-

278 1521 293 1546 ‘
326 1521 447 1573 tros
487 1516 709 1575 velitis.
787 1516 1055 1592 Vectigal
1091 1523 1152 1574 et
1187 1534 1369 1575 onera
1420 1514 1907 1574 commerciorum
1950 1515 2212 1576 resolvi·.

280 1601 296 1626 ⁸
328 1613 473 1653 mus.
556 1596 679 1654 Sint
704 1596 975 1655 transitus
1019 1596 1391 1669 incustoditi3
1433 1598 1538 1656 sed
1585 1595 1774 1654 diurni
1802 1600 1865 1652 et
1898 1594 2192 1654 inermes:

196 1665 205 1672 ⁸
280 1675 299 1707 ‘
326 1673 706 1735 donecnova
745 1684 807 1735 et
852 1677 1116 1735 recentia
1150 1675 1291 1751 jura
1315 1676 1375 1734 in
1402 1682 1752 1735 vetustatem
1779 1674 2197 1735 consuetudine

270 1761 301 1786 ⁴
329 1760 649 1814 vertantur.
732 1755 1032 1814 Arbitrum
1086 1755 1426 1814 habebimus
1476 1755 1730 1814 Civilem
1782 1762 1843 1813 et
1888 1754 2196 1825 Veledam,
2273 1752 2280 1756 ’

285 1840 303 1867 ‘
333 1833 485 1911 apud
506 1854 651 1911 quos
678 1841 845 1911 pacta
865 1835 1240 1893 saucientur.’
1325 1834 1421 1893 Sic
1447 1835 1641 1894 lenitis
1670 1833 2004 1904 Tencteris,
2027 1835 2198 1911 legati

281 1912 353 1970 ad
372 1912 626 1972 Civilem
674 1920 737 1973 et
753 1914 1039 1974 Veledam
1078 1915 1237 1973 missi
1264 1934 1398 1973 cum
1422 1915 1609 1985 donis,
1651 1922 1857 1975 cuncta
1897 1934 1973 1974 ex
1999 1916 2201 1974 volum-

274 1996 398 2052 tate
421 1992 930 2070 Agrippinensium
952 2006 1400 2072 perpetravere.
1487 1995 1602 2054 Sed
1628 2012 1822 2054 coram
1852 1995 2012 2055 adire
2040 1995 2196 2054 adlo-

281 2073 498 2154 quique
527 2073 811 2133 Veledam
833 2083 1118 2148 negatum.
1203 2074 1574 2133 Arcebantur
1609 2075 1927 2152 adspectu‚·
1953 2093 2068 2153 quo
2096 2093 2195 2134 ve·

278 2152 595 2211 nerationis
630 2155 763 2231 plus
816 2152 1053 2213 inesset.
1139 2154 1277 2229 Ipsa
1322 2153 1480 2212 edita
1519 2155 1578 2211 in
1614 2162 1820 2211 turre:
1865 2155 2125 2213 delectus
2162 2170 2198 2214 e

279 2232 624 2369 pro-pinquis
665 2232 924 2291 consulta
950 2249 1369 2312 responsaque,
1392 2238 1455 2291 ut
1498 2233 1879 2293 internuntius
1905 2232 2198 2305 Numinis,
2259 2242 2264 2245 “

281 2330 362 2389 po
422 2313 568 2370 abat.
619 2362 635 2373 .

357 2376 572 2450 EXVl.
617 2390 847 2462 Civilis,
894 2391 1175 2453 societate
1202 2392 1712 2473 Agrippinensium
1739 2401 1963 2465 auctus,
2005 2392 2203 2471 proxi-
2253 2432 2262 2441 ι

283 2489 404 2530 mas
450 2471 714 2531 civitates
742 2470 1075 2543 adfectare„
1110 2480 1205 2532 aut
1224 2474 1665 2534 ‘adversantibus
1701 2474 1920 2534 bellum
1954 2470 2199 2546 inferre,

282 2553 495 2610 statifit.
579 2550 1012 2631 occupatisque
1041 2553 1290 2625 Sunicis,
1317 2553 1430 2634 (w)
1452 2563 1514 2615 et
1521 2553 1832 2632 juventute
1861 2573 2066 2614 eorum
2088 2571 2204 2632 per
2290 2563 2294 2567 '

284 2631 557 2691 cohortes
594 2632 941 2713 composita,
987 2650 1102 2710 quo
1143 2633 1330 2692 minus
1370 2637 1527 2695 ultra
1565 2642 1867 2712 pergeret,
1918 2633 2199 2694 Claudius

282 2709 489 2800 Labeo·
509 2710 875 2771 Bemsiorum
903 2713 1394 2790 Tungrorumque
1422 2723 1482 2775 et
1506 2714 1867 2776 Nerviorum
1893 2716 2199 2777 tumultua-

283 2807 373 2847 rra
396 2809 563 2849 manu
591 2792 802 2851 restitit
828 2814 842 2850 z
889 2794 1073 2852 fretus
1105 2794 1264 2864 loco,
1305 2797 1440 2872 quia
1463 2803 1700 2874 pontem
1728 2795 1911 2856 Mosae
1949 2795 2200 2855 fluminis

279 2874 673 2945 anteceperat.
760 2871 1239 2951 Pugnabaturque
1279 2875 1345 2934 in
1381 2874 1652 2953 angustiis
1694 2876 1978 2952 ambigue,
2012 2876 2201 2937 donec

275 2944 562 3006 Germani
610 2957 1029 3011 transnatantes
1075 2960 1263 3028 terga·
1285 2954 1572 3015 Labeonis
1623 2954 1914 3015 invasere.
1987 2956 2201 3014 .Simul

280 3026 512 3099 Civilis,
541 3049 733 3101 ausus,
760 3050 832 3090 an
860 3046 937 3091 ex
975 3032 1323 3108 composito,
1365 3035 1557 3094 intulit
1581 3052 1646 3092 se
1693 3033 1901 3110 agmini
1928 3033 2201 3110 Tungro-

279 3126 439 3180 rum,
474 3114 536 3167 et
572 3111 733 3170 clara
754 3129 946 3173 voce:
993 3117 1010 3145 ‘
1041 3128 1157 3171 non
1182 3110 1597 3193 ideosspinquit,
1639 3119 1656 3147 ‘
1686 3114 1908 3172 bellum
1952 3114 2198 3193 sumpsi-

296 3302 301 3311 ‘
349 3317 388 3352 u
418 3301 537 3352 The
575 3296 814 3367 Romans,
846 3304 957 3373 says
976 3305 1221 3372 Mun-phy,
1242 3310 1370 3372 kept
1390 3300 1477 3359 the
1503 3311 1693 3361 natione
1713 3309 1767 3360 in
1802 3302 2097 3374 subjection,
2114 3316 2204 3363 not

281 3382 338 3418 so
356 3369 512 3446 muel}
527 3368 598 3445 by
613 3372 748 3421 their
761 3380 910 3432 dms,
939 3389 993 3423 as
1012 3372 1086 3436 by
1096 3375 1188 3423 the
1209 3375 1537 3433 alim-omenta
1554 3377 1615 3426 of
1624 3377 1875 3442 plenum,
1893 3377 2064 3431 which
2077 3381 2202 3443 they

281 3433 448 3503 called
462 3436 782 3489 civilization.
851 3438 946 3490 See
966 3440 1071 3489 also
1089 3440 1178 3489 the
1198 3440 1287 3490 lise
1310 3441 1369 3491 os
1382 3442 1632 3506 Agricola,
1652 3459 1691 3493 s.
1711 3448 1793 3495 21.
2177 3446 2180 3451 ’

312 3508 376 3573 'jv
410 3498 653 3553 Deductis
674 3508 810 3556 olim.
879 3505 1086 3569 Colonia
1101 3505 1143 3552 is
1179 3507 1512 3559 understood:
1563 3513 1749 3577 quique
1784 3527 1897 3565 mox
1908 3526 2196 3579 pavonem,

279 3562 318 3616 ι’.
333 3578 376 3615 e.
397 3565 541 3613 those
561 3568 680 3616 who
700 3570 975 3619 descended
992 3571 1122 3621 from
1140 3572 1299 3624 them.

348 3646 395 3680 w
424 3631 626 3707 esi-anisi,
653 3634 689 3680 α’
717 3636 897 3713 peopJe
919 3637 1159 3687 removed
1195 3637 1328 3691 from
1374 3639 1639 3706 Get-many
1672 3646 1726 3691 to
1768 3639 1944 3691 Gallia
1975 3638 2193 3704 Belgica.

283 3694 564 3763 According
577 3701 632 3746 to
644 3696 934 3763 Cluverius,
949 3702 1073 3767 thoy
1092 3702 1357 3755 inhabitet!
1372 3707 1461 3758 the
1483 3708 1656 3771 ducby
1663 3707 1724 3758 of
1735 3705 1998 3767 Linam-
